2334 4110
181 600 273 719 ω’
380 654 838 733 deterrimarum.
949 657 1033 737 [rm

180 805 253 866 titio
269 823 287 864 s
302 802 408 864 dextris
419 801 593 878 sinistrisque
610 801 746 877 grediens,
760 820 823 860 enm
838 801 874 860 od
888 800 954 874 sols,
969 820 1039 880 qne.

180 897 311 958 interiore
333 905 408 966 sunt,
430 894 541 966 nititur,
564 894 595 953 in
616 895 695 954 nullo
717 893 907 956 delectationis
927 894 1030 954 infimo)

95 1034 106 1054 .
180 992 268 1051 lutere
283 989 419 1049 fleotutnr.
457 987 524 1047 Non
541 989 616 1047 buno
632 1007 761 1064 prospero
778 988 895 1058 elevent,
910 1007 966 1046 non
983 989 1030 1047 ed·

180 1102 260 1142 versu
275 1083 446 1160 perturbent.
458 1100 515 1139 non
530 1081 632 1140 blondo
649 1100 738 1157 nsque
753 1081 788 1139 ed
798 1081 969 1156 voluptatem
982 1081 1028 1140 do·

180 1176 328 1240 mnloeunt,
347 1193 404 1232 non
422 1193 518 1250 nspero
536 1173 571 1231 ed
589 1174 808 1249 desperationem
826 1180 968 1249 prementr
997 1179 1032 1233 ut

181 1269 247 1327 dum
268 1266 355 1326 nullis
373 1265 546 1341 passionibus
567 1265 749 1324 intentionem
769 1266 871 1325 mentio
892 1266 1031 1338 humiliot,

180 1371 286 1438 quent·
303 1361 334 1418 in
354 1363 473 1433 unoque
490 1359 605 1416 humero
626 1358 858 1434 superhumeralis
876 1359 1032 1435 pulchritu-

149 1496 152 1503 .
181 1450 245 1509 dine
256 1454 376 1524 tegetur.
387 1447 522 1505 ostendet.
562 1446 643 1511 Quod
658 1451 732 1505 reete
751 1448 835 1506 etiem
854 1449 1031 1522 superhume-

142 1525 147 1536 ’
179 1538 238 1597 rsle
255 1557 292 1597 ex
310 1555 387 1608 euro,
402 1534 562 1611 byooiutbo.
579 1554 709 1611 purpure,
727 1536 771 1594 bis
789 1536 876 1594 tinoto
895 1555 983 1609 ooooo,
1003 1541 1033 1596 et

110 1636 113 1641 '
168 1633 254 1711 'torto
271 1625 333 1707 deri
351 1627 433 1701 bysso
450 1623 639 1698 precipitare,
657 1628 692 1683 ut
710 1630 815 1701 qnnnto
833 1625 957 1683 sacerdos
976 1625 1032 1683 olo·

180 1736 284 1775 resoore
296 1715 434 1774 virtutum
450 1713 610 1772 diversitate
629 1713 735 1784 debent,
752 1716 962 1775 demonstretur.
995 1715 1032 1774 Iu

180 1805 327 1863 sooordotis
343 1804 445 1880 quippe
462 1802 561 1860 bobitu
577 1808 641 1860 onte
660 1803 752 1862 omnio
771 1823 869 1862 surum
885 1805 984 1878 fulget,
1000 1808 1033 1862 ut

180 1894 211 1951 in
232 1913 265 1952 eo
285 1894 444 1951 intellectus
463 1891 604 1966 snpientim
623 1891 812 1966 principaliter
833 1894 940 1951 emicet.
979 1892 1032 1950 coi

180 1982 356 2058 hyacintbus,
379 1981 429 2056 qui
453 1986 532 2038 sdreo
557 1981 646 2037 oolore
670 1980 836 2055 resplendet,
860 1983 1029 2056 adjungitur,

181 2077 215 2129 ut
237 2088 392 2146 peremne,
413 2071 487 2145 qnod
506 2068 686 2143 intelligendo
705 2073 841 2145 penetret,
861 2088 916 2127 non
935 2071 971 2128 nd
990 2072 1031 2128 le·

180 2177 259 2217 rores
280 2157 399 2226 infimos,
419 2159 467 2216 sed
489 2158 523 2216 od
547 2176 666 2215 umorem
691 2158 846 2217 omlestinm
867 2163 970 2233 surget
996 2178 1032 2218 ne

101 2257 107 2265 '
179 2248 247 2305 dum
268 2247 326 2305 suis
346 2247 474 2306 inenutns
493 2247 621 2304 leudibus
639 2247 756 2322 oepitur,
777 2248 836 2322 ipso
855 2247 938 2305 otinm
958 2248 1031 2306 reri·

179 2335 247 2393 tetis
265 2334 409 2393 intellectu
427 2339 568 2392 roouetnr.
607 2335 684 2391 duro
703 2353 812 2408 quoquo
831 2341 861 2392 et
879 2337 1031 2410 bynointho

180 2442 302 2498 purpure
313 2423 507 2498 permisoetnrr
525 2427 558 2481 ut
571 2421 702 2480 ridelioet
718 2422 883 2480 sooordotele
899 2441 954 2492 oor,
967 2442 1030 2482 oum

157 2539 160 2544 Δ
181 2531 287 2570 summe
299 2529 361 2586 qum
381 2511 520 2587 prndiost,
533 2515 633 2585 speret,
651 2509 681 2568 in
700 2510 844 2586 semetipso
863 2510 946 2571 etium
965 2531 1029 2587 sng-

180 2601 316 2676 gestiones
326 2600 457 2658 vitiorum
473 2601 613 2675 reprimet,
633 2599 727 2677 eisque
739 2602 820 2660 solut
836 2619 871 2660 ex
890 2601 966 2676 rogia
982 2621 1029 2679 po·

181 2695 279 2749 ueruto
304 2689 481 2761 oontrodioot,
500 2697 637 2766 quotenus
657 2689 830 2750 nobilitatem
855 2710 962 2768 semper
986 2692 1029 2751 in·

180 2779 256 2838 timor
279 2778 493 2853 regenerationis
516 2778 640 2854 nspioint,
667 2785 696 2839 ot
725 2780 844 2839 omlestis
869 2783 947 2857 regni
977 2783 1030 2842 sibi

180 2867 306 2927 hobitum
322 2868 444 2926 moribus
460 2867 599 2927 deiendnt.
638 2867 681 2927 De
698 2870 749 2928 bno
766 2869 869 2948 quippo
885 2872 1031 2933 nobilitnto

181 2957 295 3032 spiritus
310 2975 361 3032 per
372 2958 485 3015 Petrum
498 2957 619 3015 dieitur:
642 2959 727 3017 “Vos
744 2965 836 3018 sutem
852 2980 940 3035 genus
958 2963 1029 3020 oleo·

180 3051 251 3116 bum,
273 3044 364 3120 regule
386 3043 612 3105 moerdotinm¹.''
650 3045 694 3106 De
713 3046 866 3106 boeotium
884 3055 1030 3125 potestnto.

180 3151 237 3209 quo
248 3133 319 3192 ritis
330 3134 492 3208 subigimus,
505 3134 639 3193 lobannis
650 3153 717 3194 roos
728 3128 894 3207 roboremur,
907 3138 957 3214 qui
969 3140 1027 3198 nit:

141 3279 144 3284 ,
182 3220 353 3296 “Quotquot
365 3227 456 3281 entem
469 3229 633 3298 reoopernnt
643 3243 716 3290 eum.
726 3224 802 3282 dedit
814 3224 854 3283 eis
865 3231 1030 3301 potentatem

74 3326 78 3334 ·
179 3308 252 3366 tilios
264 3301 440 3368 Dei⁷deri¹.”
474 3311 556 3370 Hono
568 3310 733 3385 dignitatem
743 3311 915 3371 iortitudiuis
926 3314 1029 3373 Psnlm·

179 3396 236 3455 irre
246 3397 408 3465 oonsiderut,
420 3399 514 3458 diosus
524 3419 532 3458 r
552 3403 570 3433 ‘⁸
576 3400 652 3458 Mihi
662 3405 755 3458 sutem
763 3399 847 3458 nimis
857 3402 1030 3462 honou‘douti

180 3490 247 3545 sunt
264 3485 346 3544 smioi
361 3486 406 3545 tui
417 3486 503 3563 Deus,
514 3486 598 3547 nimis
613 3488 784 3548 eonfortetur
799 3494 842 3548 est
858 3489 1045 3566 prinoipubus.

177 3593 462 3647 ''Manili-d
557 3597 719 3648 *iretur
804 3599 973 3650 'imbli-
