2266 3946
151 408 208 469 tlt
349 403 381 464 8.
393 401 522 480 anm'a‘
531 400 640 480 Reqalae
651 398 809 460 Puerataae.
923 395 1006 476 [ma

150 575 214 616 enm
234 550 395 613 lladiaoitia
414 549 543 629 peronlit,
565 554 594 609 et
614 548 684 608 iram
705 544 818 606 Domini
837 543 927 605 iratur
946 543 1007 623 pln-

151 646 225 708 eavit
232 655 253 706 ¹.
290 644 367 704 Hine
384 662 436 721 per
453 641 628 719 semetipsam
646 638 757 700 Veritas
775 638 860 699 ‹lioitz
883 636 1007 697 “Nolite

150 739 288 813 arbitrari,
302 739 369 815 qaia
381 737 503 796 venerim
516 755 610 812 paoem
622 734 733 794 mittere
749 734 780 792 in
792 738 903 794 terram.
942 733 1008 792 lion

77 842 81 850 '
150 833 216 892 veni
227 851 323 908 paoem
336 831 455 901 mittere,
471 825 701 903 sedgladinm’J'
737 827 875 885 Malorum
887 844 1008 902 namque

150 944 215 985 enm
232 925 343 982 ineante
355 922 485 981 amicitiis
492 921 649 998 jungimur,
663 919 753 996 enlpia
764 919 893 993 ligamur.
925 918 1007 978 Unde

149 1018 168 1077 J
169 1016 292 1092 oaaplrat,
307 1015 357 1091 qui
375 1018 418 1073 tot
434 1014 469 1072 de
486 1019 613 1071 anteaota
629 1011 687 1071 vita
702 1009 847 1085 praeeoniin
858 1010 1006 1080 attollitur,

152 1109 187 1167 de
209 1108 307 1167 Achab
328 1105 402 1182 regia
427 1104 558 1165 amicitiio
582 1123 652 1181 pene
676 1102 816 1181 perituros
840 1102 1008 1178 ineropotnr.

46 1228 48 1232 ⁴
152 1199 205 1260 cui
217 1219 235 1258 a
246 1199 365 1257 Domine
379 1217 429 1276 per
445 1198 612 1274 Prophetnm
623 1197 742 1255 dieitur:
766 1199 785 1229 “
795 1194 887 1270 Impio
903 1195 1011 1271 praebeo

153 1291 301 1366 auxilium,
319 1297 349 1352 et
367 1292 412 1351 hia
428 1292 479 1369 qni
497 1291 616 1350 oderunt
632 1290 791 1362 Dominam,
811 1287 933 1346 amieitia
942 1287 1009 1365 jun·

154 1387 242 1463 garine
270 1393 300 1448 et
317 1386 419 1447 ideireo
437 1386 507 1445 irem
526 1386 638 1464 quidem
658 1384 770 1445 Domini
786 1381 942 1454 mereberis,
962 1381 1012 1442 aed

70 1488 76 1501 ‘
152 1481 224 1539 bona
237 1499 320 1555 opera
331 1481 447 1539 inventa
459 1489 526 1538 aunt
538 1480 568 1537 in
581 1485 619 1550 te,
633 1498 666 1538 eo
682 1479 758 1554 quod
774 1475 923 1537 abstuleris
934 1474 1012 1534 lnooa

62 1622 66 1633 .
154 1570 189 1628 (le
202 1576 276 1628 tarra
287 1570 362 1628 luda
371 1569 409 1627 ¹.''
448 1569 495 1628 Ab
511 1569 562 1628 illo
580 1570 655 1627 enim
668 1569 717 1645 qui
730 1586 837 1627 numme
853 1579 945 1625 reotua
957 1570 1010 1638 eat,

77 1733 83 1742 Ι
152 1681 186 1720 eo
206 1663 266 1736 ipao
280 1663 342 1737 jam
361 1662 505 1737 diaerepat,
525 1681 580 1738 qno
596 1680 785 1737 perversorum
804 1659 935 1718 amicitiis
952 1657 1014 1717 vita

151 1762 246 1811 nostra
267 1755 421 1811 coneordat
460 1755 636 1812 Admonendi
659 1759 725 1811 nunt
746 1752 847 1829 potati,
871 1771 906 1811 ne
930 1751 955 1810 ai
976 1750 1012 1808 ad
1054 1755 1061 1772 '

151 1845 331 1919 correptionis
352 1847 436 1904 verba
457 1847 612 1921 prosiliant,
635 1847 814 1922 temporalem
836 1865 931 1923 paoem
957 1847 1012 1910 eibi

104 1981 114 1998 ,
150 1939 312 2013 perturbare
337 1938 494 1998 formident
547 1940 725 2015 Romamque
749 1939 914 1998 admonendi
936 1947 1013 2009 aunt.

151 2033 186 2089 ut
199 2030 321 2087 eamdem
331 2048 426 2105 paoem
438 2031 587 2092 dilectione
596 2033 705 2106 integra
714 2031 881 2091 intrineeona
891 2038 1014 2107 teneant,

152 2141 236 2198 qaam
255 2141 306 2198 por
324 2121 509 2183 invectionem
528 2125 604 2183 voela
622 2124 675 2183 aibi
696 2123 871 2184 extrinsecos
887 2126 1011 2187 turbant

156 2214 237 2280 Quod
258 2220 410 2290 atrumque
430 2216 544 2291 provide
564 2235 593 2274 ae
615 2216 708 2275 David
729 2235 852 2275 oervaaae
874 2217 1011 2292 perhibet,

155 2327 219 2368 onm
230 2307 318 2368 elicit:
337 2312 357 2342 ‘⁸
368 2309 437 2367 cnm
454 2309 508 2380 hia,
523 2311 572 2386 qni
589 2309 707 2368 oderunt
723 2329 828 2387 paoem,
846 2328 921 2369 eram
938 2310 1014 2386 pooi-

154 2402 242 2461 steno:
262 2396 326 2461 anm
346 2401 480 2478 loquebar
500 2403 567 2472 illia,
588 2402 789 2478 impugnabant
811 2423 857 2463 me
878 2404 1014 2479 gratio⁸.”

155 2494 227 2553 Eece
245 2498 275 2552 et
292 2494 408 2570 loqoena
423 2495 655 2572 impugnabatun
675 2500 704 2554 et
722 2499 816 2555 amen
834 2496 1015 2571 impugnatae

156 2591 217 2645 erat
228 2586 378 2662 pneissenaz
399 2587 466 2662 qnia
477 2607 528 2647 noo
546 2588 715 2647 insanientes
732 2588 855 2648 eeaaabnt
868 2588 1014 2663 reprehen-

158 2677 232 2745 dere.
251 2697 302 2736 nee
320 2679 499 2753 reprehensae
516 2679 677 2754 negligebat
695 2699 796 2740 amare.
835 2681 912 2740 llino
930 2681 1016 2740 etiam

155 2769 261 2830 Paulae
279 2770 336 2829 ait:
367 2771 428 2830 “Si
446 2772 507 2831 flori
523 2777 622 2848 potent,
644 2774 718 2848 quod
734 2792 770 2832 ex
786 2771 864 2832 rabie
880 2779 932 2842 eat.
952 2792 1016 2834 oum
1078 2813 1079 2818 κ

148 2863 286 2930 omnibns
310 2863 469 2936 nominituo
493 2883 588 2942 paoem
613 2865 799 2926 habentealst’
843 2866 1016 2927 Hortotnraa

158 2958 233 3017 enim
248 2959 399 3036 diaoipnloa
415 2965 450 3019 nt
465 2979 561 3036 paoem
573 2979 637 3019 enm
650 2959 777 3020 omnibno
794 2961 930 3021 haberent
942 2980 1015 3039 pror·
1059 3039 1062 3044 ‚

157 3050 235 3111 noiolt
259 3051 372 3111 dimna:
404 3053 466 3113 “si
491 3051 552 3112 fleri
581 3054 703 3130 poteat”
732 3059 817 3132 atqne
847 3055 1013 3133 subjunxit:

161 3148 179 3178 ‘¹
188 3142 269 3207 Quot
280 3162 315 3203 ex
327 3144 405 3204 robia
417 3144 491 3205 eat”
528 3146 767 3225 Dilloileqoippe
784 3151 846 3208 erat
860 3145 929 3206 otei
944 3147 1017 3208 malo

81 3336 105 3357 .-
187 3273 421 3328 'namt-t
493 3276 684 3328 'matt
762 3270 986 3339 'll’mxlzzt

252 3349 477 3424 fenenna..
678 3348 902 3402 ·⁸nen.xtt1t
