2334 4110
176 588 213 645 so
371 580 829 659 sermomonem.
941 579 1025 659 [rm

174 729 249 789 siout
267 728 379 788 inoauta
399 726 503 786 looutio
523 727 554 785 iu
576 746 695 786 errorem
716 726 860 804 portabit,
880 727 922 786 ita
939 725 1036 785 indis.

174 832 279 881 oretum
298 820 438 880 silentium
457 820 516 892 bos,
537 819 587 896 qui
605 820 710 879 erudiri
729 826 865 897 poterunt,
885 819 916 878 in
936 838 1026 878 erroro

175 912 350 990 derelinquit.
388 911 466 987 eope
486 930 605 988 namquo
622 917 740 972 roetores
759 912 908 989 improvidi
926 913 1025 971 buma-

174 1023 238 1063 nam
260 1004 387 1064 amittere
407 1001 525 1078 matiam
546 1002 725 1063 formidantes
745 1004 822 1081 loqui
844 1003 930 1063 libero
951 1013 1036 1063 reeta·

173 1098 386 1175 pertimescunt3
416 1104 446 1156 et
466 1097 551 1173 juxto
574 1095 708 1156 Veritatis
732 1115 827 1158 vooem
851 1116 1025 1175 nequaquam

170 1193 231 1269 jum
255 1191 346 1266 gregis
369 1190 501 1249 eustodiar
525 1189 670 1249 Pastorum
692 1192 795 1262 studio,
819 1194 867 1251 sed
888 1210 1026 1251 muroena·

174 1285 276 1344 n'orum
294 1282 356 1342 viss
376 1283 553 1355 dessrriuut3
579 1282 646 1360 quia
663 1283 793 1343 veniente
815 1285 882 1361 lupo
904 1285 1025 1358 tugiunt,
1066 1295 1068 1312 ¹

94 1443 96 1448 ,
141 1385 147 1396 ’
174 1375 241 1436 dum
259 1394 290 1435 ss
307 1378 359 1437 sub
376 1376 487 1436 silentio
503 1376 676 1451 abscondunt
682 1390 708 1432 ¹.
746 1375 823 1435 Hine
843 1390 963 1454 namque
981 1394 1028 1433 eos

174 1489 223 1547 per
233 1469 399 1548 Propbstsm
408 1469 544 1529 Dominus
555 1469 688 1544 increpat,
701 1468 812 1529 dioens:
833 1471 945 1531 “Oanos
955 1470 1028 1528 muti

174 1583 229 1622 nou
238 1564 360 1623 vdentas
371 1564 472 1622 istruna
479 1565 520 1622 ·.”
556 1563 633 1622 Hine
645 1583 754 1623 nuruum
767 1565 903 1640 queritur,
915 1563 1024 1623 dicens:

173 1656 263 1716 “lion
281 1655 441 1716 asoondistis
462 1674 499 1714 ex
517 1657 638 1728 advorso,
659 1676 709 1716 noo
728 1657 893 1734 opposuistis
914 1677 1025 1716 murum

173 1751 223 1825 pro
238 1750 318 1808 domo
335 1751 430 1823 Israel,
442 1753 476 1808 ut
488 1750 597 1808 staretis
609 1750 638 1808 in
655 1751 751 1826 prelio
763 1751 793 1810 in
806 1752 851 1809 die
864 1751 977 1809 Domini
983 1752 1025 1809 ·.”

174 1843 220 1901 Ex
232 1844 345 1902 adverso
362 1843 464 1920 quippo
479 1843 623 1901 secumdam
640 1851 681 1901 est
696 1863 746 1919 pro
763 1844 920 1903 defensioue
934 1843 1034 1918 gregis·

174 1954 240 1996 vooe
252 1937 340 1996 libore
351 1936 436 2012 hujus
452 1937 549 1994 mundi
566 1937 748 2013 potestatibus
764 1937 906 1996 oonbsire.
945 1938 985 1995 Et
996 1937 1026 1994 in

173 2029 219 2087 dis
231 2028 344 2087 Domini
356 2029 385 2086 iu
402 2029 499 2105 prelio
516 2035 588 2088 stare
605 2035 647 2087 est
662 2031 755 2105 prauis
774 2030 978 2088 decertantibus
990 2050 1027 2090 ex

125 2147 131 2155 ·
170 2123 289 2199 justitia
305 2141 397 2181 amore
414 2122 548 2181 resistere.
589 2122 697 2181 Pastori
717 2123 791 2181 enim
809 2128 885 2183 reeta
901 2124 1026 2183 timuisse

174 2216 272 2285 diuam,
291 2215 360 2292 quid
376 2221 419 2275 ast
436 2216 513 2274 aliud
530 2236 614 2293 quam
630 2217 745 2275 tuoeudo
762 2221 840 2291 terga
856 2216 1025 2293 praebuisse?

174 2308 231 2372 Qui
241 2308 372 2366 nimirum
388 2309 410 2366 si
428 2328 478 2384 pro
490 2327 572 2382 grego
589 2328 618 2366 se
635 2308 741 2385 objicit,
756 2329 867 2366 murum
883 2329 933 2384 pro
946 2309 1025 2366 domo

174 2399 260 2458 lsruel
272 2400 397 2458 hostibus
408 2402 530 2476 opponit
571 2402 647 2460 Hine
663 2419 773 2458 rursum
789 2401 963 2477 delinquenti
976 2421 1025 2477 po·

174 2492 363 2567 pulodioitur:
383 2494 1025 2569 “Prophetutuividerunttibifulsoststulta.

140 2647 144 2652 ,
173 2601 224 2642 neo
236 2584 394 2659 aperiebant
404 2584 580 2660 iniquitatem
594 2589 681 2654 tuum,
696 2589 769 2643 utta
786 2585 821 2643 ad
833 2585 1026 2660 peonitentiam

174 2675 398 2749 prouocarent’.”
430 2677 576 2752 Propheta)
589 2677 693 2753 quippo
705 2676 734 2733 in
748 2695 823 2735 saoro
836 2676 945 2752 eloquio
957 2695 1025 2735 non·

174 2785 314 2843 nunquam
339 2768 462 2826 doctores
485 2774 629 2838 rorantur,
655 2769 704 2844 qui
730 2770 797 2827 dum
822 2769 943 2843 fugitiva
967 2788 1026 2829 ease

174 2858 321 2932 prasentia
344 2859 477 2930 indicunt,
504 2879 567 2935 qum
595 2866 661 2918 sunt
685 2865 812 2931 venusta
838 2860 1025 2919 manifestant.

174 2947 250 3013 Quos
267 2948 378 3007 divim
396 2969 483 3008 sermo
502 2951 573 3008 falsa
583 2951 679 3009 ridere
697 2950 853 3025 redarguit3
873 2951 940 3028 quia
958 2952 1027 3010 dum

173 3041 308 3118 oorripars
319 3043 415 3117 eulpae
425 3047 565 3112 metuunt,
577 3043 717 3102 inoussum
729 3042 953 3118 delinquentibus
963 3064 1026 3121 pro.

174 3131 257 3192 missa
272 3133 420 3200 seeumtsts
436 3134 635 3194 blandiuntur:
655 3134 705 3211 qni
718 3133 896 3210 iniquitatem
912 3153 1026 3212 peoosn·

174 3225 246 3286 tium
263 3245 437 3303 nequaquam
456 3227 594 3304 aperiunt,
613 3227 680 3305 quia
699 3227 735 3286 ab
753 3226 948 3304 increpationis
958 3247 1026 3288 rooe

174 3318 370 3380 ouutioeaount.
409 3319 504 3379 Clario
521 3320 625 3398 quippe
637 3319 786 3397 apertionis
801 3326 845 3378 est
860 3337 949 3401 ssrmp
965 3339 1024 3380 oor·

257 3441 435 3490 'imm
761 3442 939 3491 stratisue.
1035 3472 1039 3484 .

311 3516 519 3565 ‘Bassum
687 3516 884 3567 inmuta.
