2334 4110
229 467 380 611 Αἰω
524 546 980 627 summme-nesrac.
1095 545 1156 626 [ι

322 700 394 763 litis
407 703 485 778 peste
500 703 693 776 corrumpunt·
713 703 744 760 et
757 718 821 759 cun
833 696 868 756 eb
884 695 1043 757 bominibus
1058 714 1158 763 ncn

322 793 455 864 nescitur,
469 792 518 851 sed
530 799 623 850 temen
636 794 688 851 sub
703 790 800 874 divim
815 788 1020 849 examinatione
1035 808 1143 866 peuce·

323 891 400 945 teutc
418 883 537 943 deterior
554 884 637 988 culpe
655 864 757 941 dclcris
775 883 834 954 det,
849 884 953 959 quentc
971 881 1026 952 sibi
1043 886 1109 941 unte
1126 882 1157 940 b

321 975 410 1034 niues
420 974 535 1035 virtutis
546 973 664 1050 speciem
677 972 807 1031 vindicet.

358 1066 513 1127 Dicendum
534 1065 630 1141 iteque
651 1069 695 1124 est
718 1064 898 1139 petientibus,
923 1068 957 1124 ut
980 1065 1112 1123 studcsnt
1135 1064 1165 1123 di

321 1160 407 1235 ligere
420 1177 489 1236 quos
504 1157 559 1217 sibi
578 1176 687 1217 necesse
704 1161 748 1216 est
763 1158 896 1229 tolerem
918 1175 954 1215 nc
972 1156 996 1215 si
1014 1156 1167 1233 puticulis

319 1252 431 1313 dilectio
442 1271 498 1311 ncn
510 1257 649 1329 sequntur,
664 1252 694 1311 in
707 1252 870 1312 deteriorem
888 1254 998 1329 culpem
1015 1253 1073 1311 cdii
1085 1253 1113 1311 vi
1150 1278 1154 1300 ·

319 1349 428 1405 estense
439 1348 573 1404 vertetur.
611 1343 692 1404 Unde
705 1345 810 1404 Peulus
822 1364 884 1404 cun
897 1345 1016 1405 diceret:
1041 1345 1130 1404 “curi
1151 1374 1154 1394 ι

320 1437 428 1514 peln‘ens
447 1435 519 1507 est,”
538 1435 615 1494 illico
632 1435 778 1512 edjnnxit:
805 1441 825 1472 ‘⁸
835 1437 959 1512 Benigne
977 1437 1077 1497 est¹:”
1097 1436 1157 1495 nid

318 1531 386 1591 licet
403 1530 558 1597 ostendens,
575 1528 643 1606 quis
661 1548 730 1606 quus
749 1549 785 1589 ex
801 1530 937 1607 petientiu
955 1532 1063 1602 toleret,
1090 1559 1136 1582 zu:
1165 1560 1167 1578 2

318 1624 404 1683 etium
425 1643 462 1683 cx
483 1623 656 1698 benignitate
675 1642 730 1681 nou
751 1631 847 1682 cesset
886 1624 967 1684 Unde
986 1624 1061 1683 idem
1079 1624 1159 1682 dcctc

318 1716 446 1792 eguegine
466 1735 531 1776 cun
551 1715 714 1792 patientium
736 1716 881 1793 discipulis
903 1718 1038 1790 suederet,
1060 1716 1155 1775 dicens

319 1814 339 1844 “
347 1810 444 1870 Omnis
463 1807 617 1867 umuritndc
639 1811 668 1867 et
687 1808 730 1866 inu
749 1813 779 1869 et
800 1809 955 1886 indignatio
976 1814 1007 1870 et
1023 1810 1159 1868 clamere

317 1900 487 1978 blesphenin
503 1901 619 1960 tolletur
637 1919 654 1959 e
670 1900 806 1960 vobis·:”
826 1901 906 1979 quusi
924 1901 1031 1961 cunctis
1049 1900 1167 1961 exteriu

313 1995 374 2073 jem
385 1997 456 2054 bene
466 1993 624 2070 cumpositis
635 1995 672 2052 ed
682 1995 813 2053 interiere
830 1995 1009 2068 convertitur,
1024 1996 1091 2054 dum
1108 2014 1154 2053 su·

24 2126 56 2151 ..
88 2050 93 2102 ³
117 2048 164 2179 ’ᾗ
222 2089 229 2098 ·
314 2087 426 2166 jungit:
449 2087 547 2146 “cum
564 2087 820 2147 omimium
837 2089 905 2165 qun
920 2088 1052 2147 nimirum
1069 2089 1165 2146 usu*

317 2181 471 2256 indignatio
489 2181 593 2240 clemcr
609 2187 639 2239 et
656 2180 881 2256 blasphemius)
898 2181 1082 2240 exterioribus
1097 2181 1160 2240 tolli

316 2281 373 2344 tur,
395 2273 420 2332 si
444 2273 475 2332 in
496 2273 674 2333 interioribus
692 2273 824 2333 vitiorum
846 2283 935 2334 muter
955 2274 1063 2333 mulitie
1084 2275 1159 2334 demi

317 2371 417 2438 notun
434 2372 464 2425 et
475 2367 611 2425 iucem
624 2367 697 2425 lctus
708 2367 836 2443 nequitie
848 2386 885 2426 ex
897 2367 981 2425 nemis
993 2367 1136 2436 inciditur,
1155 2398 1165 2415 .·

317 2459 473 2515 surrectum
483 2453 668 2531 multiplicius
680 2455 758 2515 intus
770 2455 800 2515 in
811 2457 903 2516 redico
916 2462 1051 2516 sunaus.
1090 2456 1166 2516 Uud

318 2552 348 2606 et
364 2567 415 2624 per
432 2548 606 2624 semetipsum
630 2549 741 2609 Venitne
762 2549 848 2610 dicit:
877 2548 1023 2623 “Diligite
1046 2549 1126 2608 inimi
1149 2581 1167 2599 ·⁴

317 2646 432 2707 nestum,
450 2640 604 2700 &nasute
621 2640 666 2701 bis
682 2643 732 2718 qui
752 2640 872 2701 oderunt
890 2660 956 2713 νοις
976 2646 1011 2716 et
1030 2647 1105 2703 crete
1124 2661 1142 2718 p
1163 2672 1167 2690 ·

317 2733 548 2810 persequentibus
566 2737 596 2791 et
613 2733 849 2793 celumnieulibns
868 2733 967 2793 vne·.''
1006 2734 1103 2794 Virtus
1120 2735 1131 2794 i
1150 2779 1152 2783 .

317 2841 373 2901 qne
398 2827 441 2882 est
465 2840 556 2880 cerem
581 2823 740 2882 bominibus
764 2824 935 2883 nectutis·
959 2823 1094 2899 elerum
1132 2857 1165 2876 ·..·

317 2912 726 2988 vintnscenemllecdiligere·
747 2915 814 2990 quin
829 2917 882 2974 boc
898 2914 1160 2977 sclumDenssecni

316 3006 412 3067 dcinn
437 3005 547 3081 nccipit,
569 3007 644 3082 qued
667 3012 732 3066 ente
756 3008 819 3084 ejus
839 3008 962 3067 ccnlce
952 3028 983 3068 sn
1004 3008 1087 3069 elteri
1107 3012 1162 3070 bcn

316 3100 407 3178 cperiu
418 3099 530 3160 dnum
541 3098 665 3158 mritetie
674 3099 807 3161 incendit.
832 3101 909 3162 Hinc
921 3111 964 3164 eet
975 3103 1088 3181 quod

317 3192 482 3270 qnibnednsn
498 3190 678 3267 petientibus,
696 3211 747 3253 nec
768 3197 863 3254 temen
883 3194 1064 3272 diligentibus
1083 3134 1163 3258 dicit

260 3362 268 3378 ,
317 3281 1167 3361 “ducamus-secunucuusmuus,

358 3407 553 3459 numme
636 3407 841 3470 melsun.
922 3405 1129 3475 tucn-esven

636 3482 852 3546 mesenes
