2334 4110
156 613 193 672 so
349 610 802 690 &Grqedlemlsl’uoorate
927 611 1009 692 [om

155 763 204 839 qui
217 762 333 822 sollieite
345 761 453 822 noverit
468 766 498 821 et
510 780 619 820 sumere
631 781 667 820 ex
678 761 737 834 iile,
752 762 826 838 quod
842 761 965 838 adjuvet,
979 769 1009 820 et

93 872 96 876 “
154 871 320 930 expugnem,
334 852 408 929 quod
420 857 518 926 tentet,
530 857 560 911 et
576 851 709 927 equalem
724 872 753 912 ss
772 871 835 912 eum
847 851 898 911 ille
909 851 1007 912 ueteris

154 965 273 1020 oernere,
285 950 317 1006 st
327 950 420 1005 temen
432 964 461 1004 so
473 944 651 1022 peoountibus
662 945 722 1003 eolo
733 943 848 1004 ultiouis
860 943 1004 1002 entsierre.

191 1039 246 1099 eod
257 1039 328 1097 beno
339 1037 530 1097 discretionem
542 1036 651 1113 plenius
662 1037 842 1111 egneseimus,
854 1035 877 1094 ei
889 1035 1006 1112 pesteris

153 1130 235 1208 primi
247 1130 373 1207 exemplu
384 1148 535 1188 munus.
574 1129 674 1188 Petu-us
685 1147 804 1205 nemque
822 1133 934 1187 euotore
946 1126 1006 1186 Deo

153 1228 254 1283 sunem
266 1223 396 1282 Eodesioe
408 1222 592 1299 principatum
604 1227 701 1282 tenens
713 1222 811 1281 ebone
828 1227 926 1295 egente
939 1220 1005 1279 Cor·

153 1315 226 1374 nulio
246 1320 276 1374 et
294 1333 352 1373 sese
373 1314 400 1372 ei
419 1314 563 1373 humiliter
587 1319 777 1390 prosternente
801 1313 1006 1371 immoderatius

152 1406 277 1467 tenenti
297 1407 443 1476 muueris,
467 1424 551 1484 seque
572 1406 617 1465 illi
639 1406 757 1464 similem
777 1404 944 1479 recognovit,
964 1403 1007 1462 di·

152 1517 233 1558 oense
264 1497 389 1573 “Surge
409 1516 445 1557 ne
466 1499 571 1569 imonis,
592 1502 622 1557 et
642 1516 693 1572 ego
712 1497 770 1574 ipse
792 1498 873 1555 homo
894 1494 1004 1554 sum'.”

92 1628 97 1637 ·
154 1591 210 1650 eso
231 1605 294 1649 enm
315 1590 432 1649 Annuito
457 1594 488 1650 et
511 1590 654 1666 sepphim
674 1589 783 1666 uulpem
807 1593 918 1665 reperit,
939 1607 1006 1647 mox

151 1687 257 1759 quente
272 1681 398 1758 potentis
422 1701 506 1758 super
529 1689 634 1741 eeteros
657 1682 833 1750 exstetisset,
857 1681 1004 1740 ostendit&

151 1773 243 1832 Verbo
266 1790 385 1849 nemque
408 1792 502 1832 eorum
527 1774 614 1832 vitum
638 1773 766 1848 perculit,
793 1791 877 1849 quum
905 1772 1005 1847 spiritu

151 1869 338 1939 perscrutante
360 1866 550 1940 deprehendit.
568 1876 597 1924 et
619 1885 758 1924 summum
775 1885 805 1923 se
822 1865 897 1922 intre
909 1865 1004 1923 Ideole·

152 1956 219 2014 siem
241 1962 337 2016 oentm
358 1967 469 2031 peooete
486 1956 612 2028 recoluit,
631 1957 705 2033 quod
727 1958 829 2014 honore
851 1957 902 2014 sibi
920 1957 1003 2013 vehe-
1036 2005 1040 2017 .

151 2053 257 2108 menter
275 2047 398 2124 impenso
419 2068 509 2107 eorem
532 2051 600 2107 Mne
622 2048 767 2123 egentibus
792 2048 923 2106 iretribne
948 2066 1004 2106 non

102 2157 107 2164 ’
150 2141 272 2215 eguerit.
311 2142 376 2199 Illio
388 2142 604 2199 communionem
622 2141 790 2216 equalitatis
807 2140 911 2198 meruit
927 2159 1004 2199 sene·

150 2233 216 2292 titus
232 2233 355 2304 sotionis,
370 2234 416 2292 hio
434 2235 510 2292 selus
527 2233 642 2292 ultionis
658 2233 706 2309 jus
724 2232 833 2308 apertuit
850 2233 1002 2308 potestetis.

150 2324 254 2384 Peulus
265 2326 335 2383 bene
347 2325 492 2398 egentibus
508 2325 639 2383 frutribus
657 2326 802 2401 prelatum
818 2344 848 2382 se
867 2344 926 2383 esse
941 2319 1003 2384 ue's-

150 2414 248 2488 eiebet,
269 2434 331 2474 oum
346 2417 465 2474 dieeret:
488 2416 579 2474 “Nou
592 2416 658 2493 quie
677 2414 850 2474 dominemur
864 2417 930 2475 fidei
942 2408 1020 2475 ves·¹

151 2513 210 2579 true,
225 2508 273 2565 sed
289 2508 428 2585 edjutores
444 2527 538 2565 sumus
557 2509 651 2583 geudii
666 2507 781 2566 vestri.”
818 2511 912 2585 Atque
929 2509 1004 2567 illieo

150 2598 295 2676 edjunxit:
324 2600 420 2658 “Fide
438 2599 511 2658 enim
528 2600 609 2659 stetis
616 2601 657 2658 ⁸.”
694 2601 737 2657 Δο
754 2599 778 2656 si
795 2599 833 2668 id,
848 2600 924 2676 quod
941 2619 1003 2675 pro·

70 2731 73 2735 -
149 2690 260 2763 toleret,
285 2691 411 2767 eperinet,
432 2691 542 2750 dieeus:
575 2690 642 2750 ideo
664 2709 719 2749 non
744 2690 917 2749 dominemur
937 2692 1002 2749 fidei

149 2789 257 2857 vestrm
279 2785 345 2861 quie
364 2785 419 2845 fide
441 2785 537 2854 stetis;
566 2786 686 2862 equulus
708 2784 781 2843 euim
801 2784 880 2843 vobis
897 2804 1001 2856 sumus,

149 2875 180 2935 in
191 2894 247 2953 qno
258 2895 307 2935 vos
319 2877 602 2953 stumooguosoimus,
640 2876 727 2942 Quesi
738 2876 885 2951 prolatum
902 2895 931 2935 so
947 2877 1003 2936 ire·

148 2967 237 3027 tn'bus
250 2987 309 3028 esse
321 2969 467 3040 nesoiobet,
482 2989 546 3029 eum
558 2969 677 3030 dinotet:
700 2975 720 3004 ⁴⁸
727 2969 807 3028 Feoti
820 2987 915 3028 sumus
932 2969 1004 3029 siout

149 3061 257 3136 pannii
269 3063 300 3119 in
312 3061 401 3121 medio
411 3064 581 3122 vesunu-‚⁹⁹
614 3064 654 3123 Et
665 3081 791 3121 tersum:
813 3061 899 3120 “Nos
910 3066 1003 3122 eutem

148 3170 240 3212 mos
252 3161 358 3214 vestros
371 3173 421 3232 pes
432 3154 622 3215 christum?
659 3155 714 3214 ded
726 3173 790 3214 oum
808 3154 925 3231 uulpem.
940 3174 1003 3232 quse

147 3246 247 3321 surrigi
260 3246 408 3318 debuisset,
422 3247 538 3317 invenit,
554 3249 631 3307 illioo
643 3248 803 3323 megistrum
816 3267 844 3306 se
857 3266 916 3307 esse
927 3266 1003 3307 reoo·

147 3334 211 3411 luit,
225 3338 336 3399 dioens:
359 3337 464 3405 “Quid
475 3339 582 3399 vultis?
602 3339 1002 3420 Invirgeveuismedves‘.”

175 3481 334 3530 'doust
490 3482 635 3530 Mete&
798 3479 973 3530 'iduum

202 3554 402 3605 'istest-M.
492 3553 671 3605 biduum.
758 3556 944 3606 ‘lonium
