2266 3946
169 604 225 660 ιιι
366 549 820 677 summouentem.
939 592 1021 675 [ιιι.

107 811 144 829 κ
168 765 343 826 nequaquem
359 751 520 806 mentorum
537 746 652 807 oonsilio
666 762 724 804 suu
740 741 932 803 deliberationi
947 747 1022 820 post-

167 845 317 917 ponerentr
339 838 402 898 istis
416 838 563 898 dioendum
584 842 635 911 est,
654 837 722 914 quia
740 835 765 894 si
783 835 843 908 hou,
859 834 934 912 qued
946 839 1022 905 sunt.

168 939 319 1008 uteunque
330 931 513 997 attenderent.
522 948 697 1006 nequaqnam
709 947 756 987 eos
768 946 817 1003 per
828 932 872 986 tet
880 927 1023 987 sarientis

62 1016 69 1034 '
166 1025 255 1083 latera
276 1020 472 1081 mutabilitatis
493 1040 561 1080 aura
579 1023 709 1080 versaret.
758 1019 823 1077 Illis
836 1037 887 1094 per
902 1019 1022 1078 Paulum

166 1115 285 1175 didius:
311 1112 434 1173 “Nolite
452 1113 602 1188 prudentes
618 1131 678 1171 esse
697 1113 771 1187 apud
784 1110 1020 1187 vosmetipsos';”

166 1211 197 1267 at
221 1211 316 1266 eontra
339 1205 388 1264 isti
411 1205 547 1264 audiunt:
579 1205 672 1264 “Non
697 1205 922 1264 circumferamur
946 1204 1021 1262 omni

165 1302 249 1358 sento
268 1296 446 1356 doetrinu⁸.”
494 1297 538 1355 De
557 1287 615 1355 iilis
635 1316 686 1373 per
708 1296 880 1355 Salomonem
901 1294 1028 1356 dieiturrs.

167 1389 345 1448 “comedent
362 1388 471 1447 fruetus
487 1388 541 1448 riu
557 1407 624 1457 sure.
643 1388 756 1465 suisque
776 1386 898 1447 oonsiliis
915 1384 1021 1446 satura·

55 1465 60 1471 ⁵
164 1482 314 1551 buntur‘‚”
326 1479 361 1538 de
372 1480 435 1538 istie
446 1483 538 1538 autom
555 1481 591 1538 ab
610 1499 642 1539 eo
653 1499 749 1538 rursus
765 1479 915 1538 soribiturs
939 1477 1021 1537 “Cor

165 1571 314 1632 stultorum
338 1569 471 1629 dissimile
495 1570 599 1631 erit¹.”
654 1571 707 1632 Gor
731 1571 835 1649 quippe
864 1568 1021 1646 sapientum

51 1657 54 1662 ’
164 1664 327 1741 sibimetipsi
349 1683 457 1740 sempor
477 1670 521 1723 ost
540 1663 646 1735 simile;
674 1664 741 1742 qnia
762 1664 831 1723 dum
853 1661 937 1721 neatis
957 1679 1020 1738 per-

164 1757 337 1815 suasionibus
360 1756 520 1833 aequiesoit,
546 1760 706 1816 constanter
731 1775 760 1815 se
785 1756 816 1814 iu
841 1756 914 1814 bono
938 1771 1020 1830 opere

131 1923 133 1926 ἢ
164 1848 269 1924 dirigit.
308 1850 361 1909 cor
377 1867 442 1908 vero
463 1850 613 1910 stultorum
632 1849 765 1908 dissimile
784 1853 842 1919 ests
867 1847 935 1926 quia
952 1847 1020 1908 dum

164 1942 353 2002 mutabilitate
378 1961 408 2002 so
432 1943 542 2001 varium
568 1941 692 2012 exhibet,
712 1962 866 2019 numquam
890 1942 920 2000 id
945 1934 1020 2019 q'nod

163 2037 255 2096 nuent
271 2040 373 2096 manet
412 2037 451 2095 ut
468 2036 535 2114 quis
551 2037 678 2113 quedam
690 2036 760 2096 vitiu
777 2037 850 2096 ιίιιι
866 2055 903 2095 ex
915 2039 1019 2112 semet:

162 2129 231 2206 ipsis
254 2130 375 2205 gignunt
398 2129 463 2198 alie,
487 2130 529 2190 its
553 2150 589 2190 ex
620 2130 683 2190 aliis
711 2131 848 2204 oriuntur,
876 2129 1018 2190 soieudnm

162 2241 334 2300 summopere
354 2228 406 2294 ost,
426 2224 500 2300 qnod
519 2233 587 2284 tuno
605 2243 639 2283 ea
657 2223 826 2299 ιιπιριιιιο
844 2225 946 2284 melius
962 2229 1018 2282 ter·

163 2315 263 2390 gimus
277 2335 340 2375 oum
357 2318 393 2375 ab
413 2317 474 2393 ipso
490 2317 682 2377 amaritudinis
703 2335 760 2377 snae
779 2318 856 2378 fonte
874 2317 1016 2376 siooamus.

87 2419 110 2444 ·'
162 2407 319 2468 Pertinaoia
339 2409 443 2486 quippo
463 2429 501 2469 ex
521 2409 659 2487 superbia,
684 2409 870 2470 inoonstautie
891 2427 957 2469 veru
982 2427 1019 2471 ex

161 2498 276 2561 levitate
287 2507 444 2577 geuentur

200 2593 376 2653 Admonendi
388 2594 476 2669 igitur
488 2597 555 2654 sunt
565 2593 728 2670 pertinaoes,
742 2597 776 2653 ιι
794 2540 941 2655 elationem
958 2617 1017 2658 suu

163 2685 337 2760 eogitationis
355 2691 503 2761 agnoscant
520 2689 550 2745 et
567 2685 726 2761 ”metipsos
742 2688 852 2748 sineere
870 2689 1017 2764 studeant·

163 2795 199 2837 ne
219 2778 288 2837 dum
308 2777 392 2837 reotis
412 2777 532 2837 aliorum
549 2776 723 2837 suasionibus
741 2780 808 2840 ioris
826 2782 950 2858 superari
969 2783 1017 2843 de-

117 2942 120 2948 ι
162 2870 293 2947 spioiuut,
316 2870 394 2929 intus
413 2889 431 2928 a
449 2868 578 2946 superbis
599 2869 703 2946 eaptivi
720 2875 876 2933 teneantur.
914 2875 1016 2935 Admo-

162 2961 248 3022 nendi
268 2965 341 3032 sunt,
355 2966 390 3021 nt
406 2961 522 3022 solutor
539 2961 683 3040 espioieut,
707 2965 774 3043 qnia
791 2966 868 3026 iilius
886 2968 1017 3040 bominis,

162 3054 209 3114 eui
224 3072 282 3113 uua
299 3071 407 3130 semper
417 3072 480 3114 oum
494 3055 575 3114 Patre
586 3055 717 3118 voluntas
734 3063 785 3132 est,
805 3065 840 3119 ut
857 3062 1017 3137 exemplum

162 3145 241 3207 nobis
264 3144 425 3222 densandae
454 3151 555 3208 ιιιιιιι
584 3149 738 3211 voluntatis
766 3153 897 3229 prebeat,
927 3151 1013 3215 dieite

105 3270 109 3276 ’
153 3232 255 3299 “‘lion
273 3258 369 3321 quaero
384 3240 556 3303 voluntatem
574 3262 674 3315 meam,
692 3244 741 3304 sod
752 3245 925 3306 voluntatem
943 3246 1014 3324 ejus,

159 3331 210 3409 qni
225 3331 304 3392 misit
319 3348 373 3407 me,
391 3331 532 3394 heum·
571 3334 628 3402 uni
645 3336 781 3414 utbujus
798 3335 1017 3401 manavimus

121 3429 409 3509 “sneunue
501 3459 704 3524 ιιιιιιιιιι
792 3461 960 3516 smera

129 3533 170 3553 ·“·
245 3576 250 3585 .
299 3533 477 3584 denunt.
699 3536 875 3587 'domm
