2334 4110
17 39 1134 440 ξ-

221 715 275 772 ur
420 712 452 772 s.
460 708 875 790 neminemnam.
994 707 1077 787 [ω.

548 966 671 1026 CAPUT
697 967 755 1025 XI.
851 1023 853 1028 .

263 1127 393 1172 Qum
411 1127 514 1167 mon
532 1127 623 1167 ΒΑΜ
641 1127 718 1167 13⁰1!
737 1126 960 1172 mummii!
970 1126 1032 1167 m

516 1219 621 1260 Dmss
639 1219 780 1259 mm.

256 1325 313 1383 Srn
331 1342 411 1383 omne
428 1323 481 1381 hoo
497 1323 552 1380 rite
569 1341 586 1379 s
603 1331 708 1381 reotore
728 1324 830 1397 agitur,
845 1322 869 1381 si
882 1341 1008 1398 superne)
1020 1324 1076 1381 for·

218 1416 330 1475 midinis
347 1419 378 1475 et
395 1413 552 1473 dilectionis
570 1414 671 1490 spiritu
687 1415 798 1473 nfflstus
814 1415 935 1474 studioso
952 1415 1076 1491 quotidie

218 1508 288 1567 sami
300 1507 404 1584 eloquii
414 1513 553 1583 prseooptn
564 1507 721 1580 meditetur,
738 1513 771 1567 ut
782 1506 814 1565 in
826 1526 858 1566 oo
872 1507 929 1564 sim
941 1507 1075 1568 sollieitu-

218 1602 292 1660 dinis
303 1605 334 1660 ot
345 1620 411 1676 ergo
423 1600 563 1659 ooelostem
576 1599 663 1658 vitum
676 1599 800 1676 provideo
813 1600 1075 1676 oiroumspeotionis,
1099 1661 1127 1679 Α

218 1711 302 1769 qusm
311 1693 440 1751 humanm
450 1693 664 1751 conversationis
673 1712 741 1750 usus
753 1692 940 1751 indesinenter
950 1694 1079 1760 destnrit,

142 1819 148 1830 ·
217 1784 320 1843 divinos
333 1783 529 1843 admonitionis
541 1787 625 1842 verbo
637 1789 800 1856 restaurent,
815 1788 845 1843 et
863 1782 913 1860 qui
932 1784 967 1842 od
983 1788 1078 1842 vetus·

219 1882 306 1937 tetem
318 1877 384 1935 vitre
397 1896 446 1952 per
459 1876 618 1935 societatem
632 1876 796 1935 secularium
814 1877 936 1948 ducitur,
950 1876 986 1933 od
1003 1895 1089 1951 omo,

220 1989 279 2028 rom
298 1988 405 2044 semper
417 1969 549 2046 spiritalis
566 1970 663 2045 petrin
681 1969 899 2044 oompnnotionis
912 1968 1078 2044 aspiratione

219 2066 377 2120 renovetur.
416 2060 505 2119 Veldo
522 2079 642 2136 numque
655 2061 729 2119 inter
741 2062 862 2119 humone
875 2062 959 2119 verbo
971 2079 1018 2118 eor
1029 2061 1076 2118 de·

219 2153 285 2213 fluit
294 2174 302 2225 ;
321 2171 440 2229 eumque
457 2152 650 2210 indubitanter
667 2159 783 2224 constet,
798 2153 872 2229 quod
889 2152 1013 2211 externis
1033 2170 1077 2210 oo·

220 2245 399 2321 oupntionum
411 2244 581 2302 tumultibus
598 2244 749 2320 impulsum
762 2263 780 2302 o
791 2243 937 2318 semetipso
956 2248 1076 2314 corruet,

185 2343 196 2412 i·
220 2338 331 2396 studere
344 2336 545 2395 insessobiliter
557 2337 648 2408 dobot,
662 2343 696 2395 ut
708 2356 757 2412 per
773 2335 936 2394 eruditionis
954 2335 1078 2395 studium

100 2487 106 2500 ,
144 2496 147 2501 ¹
219 2434 353 2503 resurget.
391 2428 467 2487 Hino
487 2435 530 2487 est
547 2429 630 2498 enim,
645 2430 719 2505 quod
735 2431 882 2504 prolatum
902 2429 979 2501 gregi
998 2428 1080 2485 dissi·

142 2516 143 2520 ’
219 2520 319 2597 pulum
338 2519 442 2578 Psnlus
461 2521 599 2589 admonet,
614 2520 724 2578 dioens:
749 2521 851 2577 “Dum
862 2519 953 2591 venio,
968 2517 1081 2577 attendo

220 2611 383 2672 lectionisss’
423 2612 499 2671 une
511 2612 604 2670 navio
617 2592 681 2671 ut?
698 2616 717 2645 «·
727 2611 870 2678 Quomodo
889 2610 977 2669 euni
990 2610 1080 2687 legem

221 2710 300 2764 mum
320 2705 447 2774 Domine,
470 2709 530 2762 tote
550 2704 596 2762 dio
618 2704 763 2763 meditatio
785 2723 847 2761 meu
867 2703 957 2763 est⁸.”
1003 2704 1081 2762 Hine

222 2795 313 2871 iioysi
337 2796 472 2854 Dominus
494 2795 529 2853 do
554 2795 690 2871 portando
715 2814 778 2853 aros
802 2795 944 2870 proeoopit,
968 2795 1079 2854 dicens:

224 2887 348 2945 “Fusios
366 2892 484 2963 quotuor
502 2887 620 2945 oiroulos
637 2905 742 2957 suroos,
757 2906 826 2963 quos
843 2905 928 2960 pones
943 2904 993 2960 per
1011 2904 1079 2962 qua·

222 2981 287 3036 tuor
298 2996 368 3036 stom
381 2979 504 3052 angulos,
520 2978 658 3054 suoiesquo
670 2991 763 3035 vootos
775 2977 810 3035 de
826 2976 911 3051 lignis
924 2977 1035 3049 sethim,
1050 2987 1079 3036 ot

222 3069 329 3150 operies
341 3088 416 3140 euro,
430 3070 598 3146 induoosqus
608 3086 658 3146 per
669 3068 796 3142 oironlos,
811 3072 861 3146 qni
878 3075 945 3127 sunt
961 3069 991 3127 in
1009 3087 1079 3128 arose

222 3160 365 3234 luteribus,
379 3164 414 3219 nt
424 3164 550 3237 portetur
568 3160 598 3218 in
617 3160 666 3232 eiu,
681 3160 732 3235 qui
751 3179 859 3237 semper
876 3164 960 3220 amnt
979 3162 1008 3218 in
1027 3160 1080 3218 oir-

223 3253 304 3324 onlis,
324 3272 376 3312 neo
397 3272 529 3329 umquem
551 3253 734 3311 extrahentur
755 3253 790 3312 ab
809 3251 898 3312 eis⁴.”
938 3253 1013 3318 Quid
1032 3270 1083 3329 per

222 3362 323 3412 sroam,
347 3344 401 3400 nisi
427 3350 522 3401 sanot's
546 3343 670 3400 Eoolesis
695 3341 851 3416 dguntnr?
885 3343 939 3403 cui
963 3346 1084 3418 qnetnor

223 3433 320 3495 oiroali
340 3435 418 3495 nursi
437 3454 488 3513 per
507 3440 627 3512 quatuor
650 3435 767 3510 sngnlos
790 3437 928 3513 iubentur
946 3431 1081 3510 sdjunssis

182 3582 185 3590 .
223 3527 291 3604 quis
311 3528 343 3586 in
363 3547 405 3601 so,
429 3528 505 3605 quod
523 3546 574 3603 per
592 3532 711 3603 quotuor
733 3529 830 3586 mnndi
852 3537 945 3602 partes
966 3526 1083 3584 dilststs

252 3637 454 3690 sennenn.
515 3638 717 3689 mavum.
779 3639 1053 3700 «smmum
