2334 4110
216 650 221 660 ι
268 611 322 669 180
462 601 922 682 ἅθνῳονίίἱίῳιιὶωΡωέοωὶίι.
1034 601 1120 680 [esus

264 752 438 814 Admoueudi
459 757 527 812 sunt
547 752 636 828 igitur
655 751 803 829 simpliees,
826 752 861 809 nt
882 748 955 810 sieut
979 749 1117 810 telleeism

65 818 67 830 Ι
158 844 165 855 ’
264 865 371 922 semper
391 844 500 905 utiliter
520 843 621 914 vitent,
644 844 687 903 ite
709 842 855 902 veritstem
879 860 987 918 semper
1008 842 1118 915 utiliter

263 939 412 1016 puniessut
449 936 623 997 Admoueudi
636 940 711 1010 sunt,
725 941 759 995 ut
770 934 956 1011 simplicitatis
967 934 1039 993 bene
1049 955 1116 1010 pru·

256 1031 385 1091 dentium
403 1031 566 1108 sdjungsnt,
584 1035 722 1108 qustenus
744 1029 784 1089 sie
803 1027 978 1088 meumtntem
996 1028 1031 1087 de
1049 1029 1115 1088 sim·

262 1123 387 1202 plieitute
415 1122 581 1202 possideeut,
606 1126 640 1183 ut
664 1121 934 1199 eimnmspeetienem
960 1121 1115 1198 prudentie

261 1235 318 1277 neu
338 1217 476 1277 emittent
523 1217 599 1276 Hine
620 1235 740 1294 nemque
761 1234 812 1292 per
832 1214 970 1273 deeterem
989 1214 1114 1290 gentium

262 1307 380 1370 dieiturt
410 1308 508 1368 “Vele
527 1327 575 1368 ves
593 1307 732 1384 sepientes
749 1326 808 1368 esse
827 1308 857 1367 in
875 1308 956 1380 bone,
977 1307 1115 1385 simpliees

262 1403 353 1459 sutem
370 1398 400 1458 iu
417 1399 490 1458 mele
497 1397 540 1459 'J'
579 1399 655 1458 Hine
674 1399 776 1459 eleetos
794 1417 858 1458 sues
874 1417 925 1476 per
940 1398 1115 1475 semetipsam

261 1491 372 1551 Venitns
383 1491 519 1561 edmenet,
534 1491 644 1552 dieens:
667 1492 792 1551 “Estote
803 1492 953 1568 prudentes
968 1489 1041 1550 sieut
1060 1509 1114 1552 sen·

260 1589 366 1659 pentes,
387 1589 417 1643 et
435 1584 573 1658 simplices
591 1582 665 1643 sieut
682 1583 861 1644 eelumbe¹.”
901 1581 974 1648 Quis
986 1581 1117 1644 videlieet

260 1675 290 1735 in
307 1677 456 1736 electorum
473 1675 601 1734 cordibus
619 1674 702 1735 debet
717 1678 746 1736 et
763 1674 966 1752 simplieitetem
981 1674 1114 1736 columbe

172 1800 174 1804 ·
259 1770 363 1828 sstutie
375 1768 509 1846 serpentis
521 1788 627 1840 seuere,
643 1774 673 1828 et
685 1769 819 1845 serpentis
832 1767 963 1828 estutiem
980 1767 1113 1828 eelumbm

259 1860 422 1938 simplicitas
439 1867 607 1937 temperem
634 1869 772 1940 quatenus
790 1880 840 1920 nee
857 1860 964 1920 sedenti
982 1879 1033 1936 per
1047 1880 1113 1936 pm·

259 1953 381 2014 dentium
394 1954 521 2026 eelleent,
535 1972 586 2012 nee
598 1955 633 2013 sb
646 1955 804 2013 intellectus
817 1954 909 2013 studio
926 1972 963 2012 ex
981 1954 1114 2031 simpliei-

13 2004 68 2163 ’ᾖ
156 2055 161 2061 ’
259 2049 494 2122 tsteterpeseent.
609 2058 610 2061 ’

295 2139 337 2195 nt
354 2142 449 2197 eontm
467 2137 632 2196 edmenendi
651 2142 718 2196 snut
735 2138 846 2211 impuri,
867 2141 1003 2216 utquam
1021 2137 1114 2212 gravis

257 2227 304 2300 sit,
322 2247 405 2304 quem
426 2247 489 2285 eum
510 2228 593 2304 eulps
608 2227 754 2297 sustinent,
774 2228 946 2306 duplicitatis
966 2228 1045 2287 leber
1065 2245 1113 2301 eg·

258 2325 379 2379 noscent
417 2322 493 2380 Dum
509 2321 584 2380 enim
600 2321 767 2396 deprehendi
776 2327 923 2395 metuunt,
937 2339 1044 2397 semper
1059 2320 1112 2379 im·

257 2414 355 2490 plebes
365 2414 537 2472 defensiones
554 2417 693 2490 querunt,
706 2432 813 2490 semper
823 2408 934 2491 pevidis
950 2412 1112 2490 suspieieni·

257 2506 310 2563 bus
322 2505 471 2579 egitsntur.
503 2506 554 2564 Nil
566 2510 659 2564 sutem
671 2510 715 2565 est
726 2507 761 2564 sd
773 2507 977 2566 defendendum
989 2506 1127 2583 punitate,

210 2644 213 2649 .
257 2597 357 2669 tutius,
373 2597 415 2655 nil
433 2598 469 2655 sd
487 2597 634 2657 dieendum
652 2597 771 2658 veritate
792 2599 913 2659 iseilius.
952 2600 1025 2659 Nem
1044 2599 1112 2657 dum

257 2688 396 2748 inllseism
408 2708 484 2747 suem
496 2689 570 2747 tueri
582 2688 699 2763 segites,
712 2690 782 2748 dure
800 2709 847 2749 een·
859 2692 951 2750 lubere
968 2690 1111 2765 infigetur.

258 2780 334 2840 Hine
346 2799 464 2856 nemque
477 2780 610 2856 seriptum
622 2784 681 2840 est:
703 2786 723 2817 “
732 2783 822 2842 Imber
837 2782 973 2842 labiorum
990 2782 1112 2859 ipserum

257 2872 364 2950 operiet
384 2872 486 2931 ees·.''
525 2872 581 2938 Qui
601 2871 676 2932 enim
697 2893 772 2934 nune
792 2876 900 2952 implet,
920 2880 988 2935 tune
1006 2875 1112 2952 operit;

257 2965 332 3041 quis,
345 2965 426 3039 eujus
441 2982 517 3022 nune
535 2965 659 3024 snimnm
676 2984 727 3043 per
742 2967 873 3025 blsndsm
890 2967 1112 3042 inquietudinem

256 3056 364 3130 exerit
372 3061 440 3116 tune
456 3074 507 3132 pes·
522 3075 645 3132 sspemm
662 3057 870 3116 mnibutienem
888 3058 998 3134 premit.
1036 3057 1112 3118 Hine

256 3166 307 3224 pes·
329 3148 478 3208 Jsuemism
507 3147 626 3209 dieitunt
663 3150 856 3210 “Deeuerunt
884 3149 1008 3226 linguam
1033 3167 1112 3208 susm

255 3238 334 3317 lequi
357 3241 541 3313 mendseium,
563 3247 597 3302 ut
617 3241 714 3320 inique
732 3246 847 3318 egerent
864 3240 1112 3302 nbonvemnt·.”

256 3333 626 3411 Aesispertedieessturt
653 3333 1032 3402 Quismieiesssvesitstis
1052 3333 1121 3395 sius

314 3457 468 3508 ιιιοωιι
478 3461 513 3508 ne.
861 3459 1055 3520 {mus

368 3545 385 3568 ·
398 3533 591 3581 nemun
637 3603 640 3608 Ι
848 3533 1000 3583 umens
