2334 4110
79 502 82 506 ’
117 500 156 519 ‘s

152 682 189 737 94
296 670 797 767 Ιις.(ἔνομινίἰΒομιιΙωΡιιείιὶνιιὶἰε.
923 676 1005 757 [rsns

152 829 237 904 ceput
247 824 329 884 debet
340 842 378 882 ox
386 822 443 882 ulto
455 821 607 899 providere,
617 839 654 879 nc
666 839 683 879 e
694 828 841 896 provectus
853 820 896 880 sui
905 820 1005 882 itinere

152 919 233 995 pedes
251 919 387 992 torpeant,
399 933 463 973 cunr
478 917 592 973 cerroto
603 911 768 971 rectitudine
785 913 904 992 corporis
920 919 1005 990 ceput

152 1029 210 1068 rese
221 1010 256 1067 ed
269 1019 369 1066 terrum
386 1006 515 1064 declinet.
554 1005 617 1068 Qun
632 1008 724 1062 eutem
740 1009 833 1063 mente
851 1004 1003 1064 animorum

152 1100 253 1177 premi
270 1099 373 1157 honore
387 1095 518 1173 postorali
534 1093 609 1154 inter
624 1097 728 1153 ceteros
743 1094 843 1164 utitur,
856 1095 881 1153 si
899 1094 929 1153 in
948 1099 1003 1154 ter-

151 1192 224 1250 renis
234 1174 362 1265 nigofiis,
374 1206 438 1266 que
450 1186 649 1263 reprehendero
667 1185 698 1243 in
709 1184 773 1244 uliis
784 1186 889 1258 debuit,
904 1186 1004 1262 etipse
1032 1244 1050 1266 ,4

152 1281 300 1359 versetur?
340 1279 421 1346 Quod
442 1278 572 1337 videlicet
590 1296 626 1335 ex
650 1277 693 1334 iro
708 1276 793 1353 juste
815 1278 1005 1354 retributionis

150 1393 201 1452 per
223 1374 384 1451 prophetem
408 1370 544 1430 Dominus
567 1370 698 1437 minetur,
722 1368 834 1428 diceus:
863 1369 930 1429 “lit
951 1370 1006 1428 erit

151 1465 364 1540 sicutpopnlus,
377 1463 417 1522 sio
435 1460 607 1521 secerdos‘.”
646 1461 777 1519 Sacerdos
796 1460 899 1537 quippe
917 1466 960 1520 est
972 1468 1005 1521 ut

150 1555 278 1632 populus,
290 1554 400 1632 quando
412 1573 445 1612 ee
457 1553 562 1627 agitis,
575 1552 625 1629 qui
639 1551 757 1627 spirituli
769 1553 857 1611 officio
867 1552 1003 1627 ungitur,

151 1666 214 1724 quse
226 1647 270 1704 illi
289 1645 421 1703 nimirum
438 1645 554 1716 fuciunt,
566 1644 616 1720 qui
635 1644 725 1702 edhrm
744 1645 778 1702 de
793 1644 895 1702 studiis
910 1663 1005 1702 cerun-

150 1740 225 1799 libus
246 1738 419 1815 judicentur.
463 1735 545 1802 Quod
569 1754 633 1794 cum
658 1755 757 1810 magno
782 1736 889 1795 scilieet
913 1736 1039 1795 dolore--

151 1830 274 1889 mritutis
291 1829 425 1887 sereniss
442 1829 576 1904 prophete
598 1828 767 1901 conspiciens
785 1827 865 1902 quusi
884 1829 935 1885 sub
958 1827 1005 1885 de·

151 1921 301 1981 structione
313 1920 409 1996 templi
422 1915 555 1996 deploret,
566 1919 675 1976 dicens:
698 1922 717 1952 ‘¹
727 1919 868 1983 Quomodo
877 1919 1005 1976 obscure·

151 2021 212 2069 tum
234 2017 277 2069 eet
301 2029 408 2082 eurum,
430 2014 555 2068 mutntus
575 2016 618 2066 est
641 2009 716 2068 color
736 2011 865 2085 optimus,
889 2010 1005 2084 dispersi

151 2106 217 2160 sunt
229 2101 335 2175 lepidos
349 2100 497 2159 sunctum-ii
513 2100 543 2157 in
562 2100 651 2174 capito
664 2101 786 2157 omnium
798 2101 953 2175 pluteorum
962 2102 1003 2158 ’.”

151 2192 226 2256 Quid
247 2211 366 2268 nemque
385 2201 460 2262 curo,
481 2190 552 2268 quod
574 2191 695 2250 moullis
716 2191 813 2250 celeris
833 2192 1003 2266 proeminet,

150 2285 205 2342 nisi
227 2284 393 2342 excellentie
415 2283 587 2354 sanctitutis3
613 2283 681 2359 quid
701 2285 791 2343 colore
817 2284 928 2360 optimo,
950 2285 1005 2342 nisi

151 2375 258 2434 cunctis
267 2374 393 2434 snrnbilis
404 2374 558 2434 reverentie
566 2373 707 2448 religionis
718 2375 906 2451 exprimitur?
930 2377 1006 2441 Quid

151 2467 299 2526 souctuorii
324 2468 470 2543 lapidibus,
493 2466 548 2524 nisi
569 2486 706 2526 sucronem
731 2468 858 2526 ordinum
882 2487 1005 2543 personte

151 2557 318 2633 signentur?
362 2560 437 2624 Quid
461 2559 615 2636 pletoemm
639 2560 758 2630 nominc,
784 2560 840 2618 nisi
863 2562 1008 2636 preconiis

151 2651 218 2709 rite
242 2651 361 2710 letitudo
386 2650 545 2726 figuretur?
586 2652 660 2716 Quin
681 2654 755 2710 eninr
776 2653 871 2712 eroco
896 2653 1005 2730 eloquio
1050 2688 1058 2708 .

151 2748 247 2804 elisos
258 2743 378 2801 latitudo
390 2743 502 2804 dicitnr.
510 2744 632 2818 proiecto
644 2762 661 2802 e
673 2744 821 2804 lotitndinc
830 2745 929 2819 pleteae
940 2752 1007 2804 sunt

151 2843 264 2893 nocete.
303 2835 357 2892 Per
367 2833 541 2909 semetipsum
553 2854 619 2892 vero
630 2834 741 2894 Veritus
754 2837 824 2897 dicit
835 2857 843 2896 c
866 2841 885 2871 “
894 2839 965 2897 Lete
977 2846 1007 2897 et

151 2927 271 3002 spetioso
282 2925 329 2985 vio
341 2933 391 2998 cst,
406 2945 469 3003 que
484 2926 564 2985 ducit
580 2925 615 2984 ed
631 2928 811 3003 perditionem
819 2927 857 2989 ¹.”
895 2932 1005 2990 Aurum

150 3017 239 3093 igitur
255 3021 424 3091 obscuretur,
439 3037 502 3077 cum
518 3019 634 3077 terrenis
650 3021 758 3080 notibus
776 3022 931 3083 senctitotis
947 3024 1008 3083 rito
1063 3077 1066 3083 .

150 3110 293 3186 polluitur.
334 3110 414 3168 Color
434 3111 555 3187 optimus
576 3119 768 3184 commutotur,
792 3134 855 3174 cum
876 3135 1005 3193 quorum·

150 3202 223 3272 derce
244 3200 294 3277 qui
312 3202 410 3276 degere
428 3202 557 3277 religiose
575 3203 764 3277 ucdobontur,
787 3207 932 3267 estimstio
957 3227 1005 3266 on·

149 3299 238 3353 tcocte
257 3293 403 3354 minuitur.
439 3294 513 3353 llum
532 3314 596 3353 cunr
617 3296 737 3370 quilibet
760 3303 824 3374 post
849 3299 1005 3361 sanctitutis

148 3385 275 3444 hobitum
294 3385 411 3444 terrenis
429 3405 458 3444 se
480 3386 587 3445 cotibus
605 3388 712 3460 iurent,
732 3389 813 3465 quusi
837 3392 925 3450 colore
943 3411 1005 3468 per-

149 3481 257 3538 mntrto
275 3485 341 3537 ente
359 3480 494 3539 hunnos
510 3480 604 3539 oculor
622 3482 683 3559 ejus
701 3482 857 3543 coemtio
876 3484 1006 3561 derpccto

176 3591 339 3641 *θυσίη
456 3593 649 3644 cmm.
766 3597 981 3648 'mdiu
