2334 4110
147 651 204 708 aaa
344 639 800 722 efflorcenayaaromze.
923 637 1006 722 [me

2 803 38 822 ⁴*
149 797 292 874 Scriptura
308 813 385 854 saera
401 792 433 853 in
447 795 528 853 noeto
539 791 607 851 rita
625 786 771 868 prasentia
783 786 865 866 qaaei
877 789 1005 867 quadam

45 963 48 968 Ι
64 933 68 940 -
149 889 229 950 nobie
241 889 355 947 iaoerna
367 886 404 945 ait
419 885 518 963 penita,
532 885 614 962 oejna
628 881 760 943 nimirum
771 884 857 943 rerba
869 883 937 943 iam
949 902 1006 944 non

149 986 224 1041 reete
237 980 410 1056 intelligunt,
424 980 460 1039 de
475 978 583 1038 lamine
595 978 799 1038 tenebreeonnt.
839 975 916 1043 Quor
928 976 1006 1037 ride·

66 1133 67 1136 ,
148 1074 216 1135 lieet
228 1075 264 1133 ad
282 1073 456 1133 intellectum
472 1091 592 1149 pravam
611 1069 730 1130 intentio
748 1090 878 1148 perversa
895 1089 951 1131 non
964 1090 1007 1130 ra·

148 1171 236 1243 peret,
249 1165 305 1224 nini
323 1164 403 1242 priua
419 1163 548 1240 snperbia
564 1163 685 1223 inflaret.
724 1162 800 1222 Darn
813 1162 888 1222 enirn
900 1181 929 1222 ee
948 1181 1007 1240 pra

45 1282 48 1288 ·
149 1258 249 1317 oeteria
266 1257 404 1334 sapienter
420 1255 602 1328 arbitrantur,
616 1253 696 1332 aeqai
715 1255 785 1315 aliea
797 1255 832 1315 ad
848 1254 950 1314 melina
963 1253 1008 1313 in·

119 1426 122 1433 ¹
150 1349 262 1409 telleota
280 1346 455 1426 doapioinnt:
476 1351 562 1423 etque
580 1353 615 1405 nt
632 1345 707 1424 apud
725 1345 887 1424 imperitum
904 1346 1010 1421 vulgae

150 1448 273 1509 edentia
292 1447 345 1507 essii
363 1466 464 1506 nornen
483 1450 677 1524 extorqueant
701 1447 816 1507 etudent
835 1464 1008 1522 summopore

150 1554 181 1609 et
201 1550 237 1609 ab
255 1549 319 1608 aliie
336 1552 411 1607 reete
429 1547 573 1607 intelieota
591 1547 743 1620 destruere,
763 1552 793 1607 ot
811 1566 862 1606 nra
879 1565 1010 1624 parrerea

149 1651 287 1711 roborare.
333 1649 415 1710 Unde
435 1649 506 1708 bene
528 1668 578 1727 per
596 1648 763 1727 Prophetanr
783 1648 905 1708 dieitur:
928 1648 1008 1709 “Se-

150 1755 270 1811 oaerant
287 1753 465 1828 praegnantes
481 1749 588 1809 (inland
606 1750 643 1808 ad
662 1748 837 1810 dilatandam
856 1748 1009 1810 torminum

22 1924 29 1934 ,
151 1854 283 1914 annm¹.”
321 1853 426 1913 Galead
439 1871 559 1929 namque
576 1851 856 1912 aoermateatimonii
872 1850 1009 1928 interpre-

150 1957 228 2014 tetur
234 1953 251 2013 ¹.
289 1953 329 2013 Et
341 1951 408 2030 quia
421 1960 520 2011 eanota
529 1952 614 2010 einnnl
626 1951 802 2028 oongregntio
813 1951 947 2012 Eoolerie
959 1971 1011 2029 per

59 2093 65 2104 ·
151 2053 350 2114 oonieeaionem
362 2052 449 2112 eerrit
464 2051 622 2112 testimonio
634 2048 771 2125 raritatis,
784 2072 841 2112 non
858 2052 1010 2128 inoongrne

14 2155 21 2168 ’
151 2176 202 2234 per
222 2156 328 2215 Galaad
350 2153 475 2215 Ecclesia
495 2153 672 2230 exprimitur,
695 2173 760 2232 qnae
780 2174 827 2215 ore
847 2158 1011 2215 onnotorarn

152 2256 278 2314 fideliam
296 2257 331 2315 de
350 2256 410 2314 Deo
427 2273 547 2332 quaeqae
568 2273 635 2314 rara
654 2258 722 2316 runt
743 2260 872 2317 testetur.
918 2255 1012 2330 Prag-

18 2408 21 2415 .
151 2361 251 2416 nantes
271 2362 365 2417 autern
382 2361 517 2416 rooaatnr
532 2355 642 2428 anime,
660 2373 724 2433 qna
741 2356 916 2417 intelleotnm
931 2356 1010 2417 verbi

152 2475 190 2517 ex
207 2456 303 2517 divino
325 2475 416 2516 amore
435 2455 605 2533 oonoipinnt,
626 2455 651 2515 ai
672 2459 709 2516 ad
726 2457 882 2535 perfeetum
899 2462 1011 2535 tempas

152 2559 276 2630 veniant,
303 2565 465 2635 oenoeptam
493 2558 712 2635 intelligentiam
737 2560 828 2637 operia
856 2561 1012 2621 ostensione

153 2660 295 2737 paritura.
333 2659 496 2719 Terminam
507 2678 573 2719 rero
590 2680 672 2720 enam
684 2661 802 2722 dilatare
818 2667 862 2721 eat
874 2659 1013 2739 opinionia

154 2778 212 2819 aaa
224 2778 324 2820 nomen
337 2761 495 2820 extendere.
523 2760 678 2821 Seouernnt
692 2781 757 2837 ergo
769 2767 945 2840 pregnantes
958 2761 1013 2823 Ga·

153 2859 219 2920 laad
240 2862 275 2920 ad
296 2860 472 2921 dilatandam
492 2861 644 2922 terminum
666 2882 765 2934 anam
791 2863 859 2942 qaia
879 2862 1014 2923 nimirum

154 2960 281 3021 haretioi
298 2965 406 3021 mantea
422 2960 556 3037 fideliam,
577 2981 640 3039 qaae
657 2962 718 3039 jam
735 2963 842 3043 aliquid
858 2963 893 3023 de
909 2962 1012 3023 verita·

155 3059 194 3119 tie
209 3061 357 3120 intolleota
374 3068 564 3138 oonoeperant,
582 3081 713 3138 perrenae
729 3064 927 3141 praedieatione
938 3062 1013 3140 pari·

156 3169 246 3235 mant,
260 3163 291 3220 et
301 3160 425 3220 aoientiee
441 3160 495 3220 ribi
511 3181 611 3221 nomen
623 3163 789 3224 extendant.
828 3164 1014 3224 Parvulornm

101 3262 129 3272 ‘
156 3263 239 3324 eorda
253 3262 361 3339 jande
379 3263 460 3324 rerbi
475 3264 654 3341 oonoeptione
671 3265 795 3341 gravida,
809 3265 910 3326 erroria
921 3265 1014 3343 gladio
1047 3324 1048 3330 ,

157 3363 297 3436 reinduat,
323 3368 354 3424 et
375 3363 456 3442 quari
479 3364 613 3426 doetrinae
638 3366 692 3427 ribi
717 3366 876 3444 opinionem
894 3365 1013 3426 iaoiant.

17 3535 43 3556 θ
156 3462 1013 3543 Hoeargomwnmminrt'nmneperreraaeentiant,

297 3603 471 3656 *mi-18.
621 3603 879 3668 'finianum
