2334 4110
76 763 81 771 Ι
157 692 213 748 ere
344 688 375 750 e.
388 689 806 787 monimentorum.
932 687 1012 770 [me

155 846 245 903 eeetre
260 861 290 902 ee
304 843 440 902 munient
478 841 552 901 Nem
568 842 592 902 ei
608 862 627 902 e
641 840 893 918 eireunrepeetionie
909 842 1011 903 eolliei·

154 936 253 996 tudine
264 954 311 995 eor
322 936 492 1011 destituitur,
505 937 667 996 vulnenbue
683 936 822 1014 eperiturr
842 935 910 1013 quie
921 936 1010 997 hostie
1051 975 1055 985 ·

154 1026 271 1085 uellidue
288 1030 367 1086 tento
383 1026 498 1086 liberine
515 1032 612 1104 peetue
629 1026 758 1104 pereutit,
780 1030 884 1103 quento
902 1026 1010 1087 nudum

153 1137 171 1177 e
193 1119 373 1193 providentie
397 1119 482 1179 lorice
506 1119 695 1196 deprehendit.
743 1118 917 1177 Admonendi
942 1122 1009 1178 eunt

154 1209 204 1286 qui
227 1209 371 1285 repentine
399 1211 619 1289 eoncupiscentia
648 1214 823 1286 euperenbrr,
847 1213 882 1268 ut
910 1228 1006 1270 eurure

152 1302 236 1361 nimie
246 1305 356 1362 terrene
367 1303 544 1375 deeueeeeut;
564 1302 631 1381 quie
646 1301 828 1364 intentionenr
844 1321 922 1361 ruem
938 1302 1007 1362 durn

152 1397 236 1455 rebue
253 1394 418 1455 trendtoriie
434 1397 640 1456 immoderetr'ue
657 1396 810 1472 implieent,
828 1395 931 1472 quibus
947 1396 1008 1455 eul-

151 1506 250 1564 perum
267 1488 370 1564 jeeuiie
392 1491 591 1565 treueflgeutur
615 1489 753 1565 ignorent.
799 1488 880 1548 Unde
906 1498 935 1547 et
959 1505 1010 1564 per
1049 1541 1051 1546 .

35 1582 39 1590 '
152 1581 324 1641 Sdonrouenr
335 1600 393 1641 rex
408 1582 531 1658 pereueei
547 1587 577 1642 et
592 1581 754 1641 dormientie
770 1581 945 1657 exprimitur,
960 1578 1011 1657 qui

152 1672 210 1733 eit:
233 1672 483 1734 “Verberererunt
491 1694 544 1749 rue,
556 1675 605 1734 eed
617 1694 673 1734 nen
686 1674 779 1748 dolui;
799 1678 946 1733 traxerunt
955 1692 1008 1744 me,

152 1772 183 1827 et
200 1783 252 1842 ego
267 1785 324 1826 non
344 1767 425 1828 eenei.
465 1768 581 1836 Queudo
601 1767 746 1843 evigilabo,
766 1771 796 1828 et
814 1787 924 1826 rurrum
944 1766 1010 1825 vine

152 1859 347 1936 reperimu‘·
385 1863 468 1922 Mene
486 1863 591 1940 quippe
610 1882 627 1921 e
645 1881 713 1921 eure
734 1880 791 1922 eun
814 1859 1008 1921 rellieitudiuie

154 1952 292 2012 dormiere
312 1956 474 2014 verberetur
494 1961 523 2013 et
547 1974 603 2014 non
627 1955 711 2026 delet,
733 1954 799 2030 quie
821 1955 895 2013 eicut
916 1954 1005 2012 immi·

153 2047 248 2104 uentie
266 2047 340 2104 mele
356 2065 412 2104 nen
434 2047 574 2122 preepieit,
595 2048 634 2106 rie
654 2066 706 2106 nee
726 2064 789 2122 que)
808 2047 1008 2122 perpetrurerit

152 2136 285 2212 egnoecit
324 2137 458 2197 'i'rubitur
472 2142 501 2197 et
517 2158 692 2216 nequaquem
709 2139 803 2217 sentit,
822 2138 889 2213 quie
905 2156 956 2213 per
973 2138 1008 2196 il·

151 2229 272 2289 ieeebrer
284 2229 415 2289 vitiorum
431 2231 551 2304 dueitur,
565 2251 616 2291 nee
635 2238 727 2290 temen
742 2231 777 2289 ed
794 2231 838 2290 eui
857 2231 1009 2291 cesenam

108 2394 112 2401 ι
151 2323 307 2382 nescitam.
347 2323 416 2388 Qun
437 2323 550 2400 quidem
572 2324 705 2398 evigilare
731 2328 817 2400 optet,
843 2328 877 2383 ut
897 2342 1008 2382 rureunr

24 2457 28 2464 »
149 2413 217 2472 vine
232 2413 368 2490 reperiet:
389 2414 456 2492 quie
475 2414 601 2491 quemrie
618 2434 712 2475 eomno
727 2412 846 2492 torporie
859 2435 876 2474 e
888 2415 933 2473 eui
946 2435 1008 2475 eue-

149 2506 226 2566 todie
236 2511 386 2583 premetur,
398 2505 515 2583 vigiiere
532 2514 625 2568 temen
642 2510 677 2568 ed
694 2510 781 2568 eeuuli
799 2529 878 2569 curer
894 2509 1005 2580 nititur,

149 2605 185 2660 ut
204 2620 311 2676 eernper
334 2601 525 2677 voluptetibue
550 2603 704 2674 debrietur3
733 2608 763 2663 et
783 2622 848 2663 eum
866 2594 908 2662 'ed
933 2603 1006 2663 illud

150 2692 267 2751 doeniet
278 2693 309 2751 in
320 2712 376 2770 quo
388 2695 502 2752 eelerter
512 2696 629 2770 rigilere
639 2696 780 2767 debueret,
795 2697 830 2754 ed
842 2695 920 2754 eliud
932 2695 1005 2770 rigi·

149 2781 208 2842 inre
228 2783 344 2860 eppetit,
365 2784 400 2842 ed
424 2785 498 2861 qued
522 2786 701 2845 laudabiliter
721 2786 840 2844 dormire
861 2784 1014 2872 potuieeet

150 2874 227 2935 Hine
243 2874 369 2952 euperiue
384 2875 518 2953 eeripturn
535 2884 593 2937 eet:
617 2883 637 2911 “
647 2879 686 2938 Et
702 2877 756 2937 erie
772 2877 851 2954 queri
868 2877 1006 2938 dormiene

150 2967 182 3028 iu
205 2967 296 3028 ruedio
319 2967 398 3040 meri,
425 2973 455 3028 et
478 2969 559 3046 queri
583 2969 690 3046 eopitue
716 2970 883 3045 gubernetur
906 2969 1007 3031 emieee

149 3059 271 3121 elevet?
310 3059 347 3118 In
368 3061 459 3121 medie
481 3063 556 3121 eninr
576 3062 647 3121 neri
667 3061 777 3134 dormit,
799 3061 849 3137 qui
869 3061 901 3121 in
921 3063 1008 3139 bujue

149 3153 247 3212 nundi
268 3150 470 3213 tentationibue
491 3156 606 3231 poeitue,
624 3153 769 3231 previdere
790 3160 883 3213 metue
901 3156 1009 3214 irruen-

150 3243 222 3304 tium
246 3242 378 3304 vitiorum
408 3247 489 3323 queri
516 3247 693 3308 imminenter
720 3247 859 3307 undururn
883 3250 1009 3308 eumulee

149 3337 278 3415 negligit
315 3333 356 3398 Bt
367 3338 448 3416 queri
466 3339 576 3400 elerum
590 3341 757 3418 gubernetur
769 3340 883 3412 emittit,
897 3340 1008 3418 quende

81 3429 84 3434 ’
149 3448 228 3492 ruere
240 3430 275 3491 ed
286 3431 434 3508 regendum
449 3450 549 3493 nerem
566 3433 686 3512 eerperie
702 3432 827 3493 etudiunr
844 3431 1007 3495 eollieitudi·

149 3521 313 3603 uieperdit
352 3523 1005 3605 cumqupponmerimitereeeu·

262 3629 479 3687 'her-nim&
523 3647 528 3661 ·
671 3632 891 3688 remutet
