2334 4110
93 300 95 304 ¹
107 306 243 329 7⁴⁴T**··0**·
279 306 284 312 '

151 553 207 610 210
346 547 514 627 nouere
524 545 632 625 Regula
644 544 804 607 Poetorole‘e.
923 541 1018 627 [rone

151 692 358 774 multiloquium
368 713 469 772 meree,
481 714 499 753 e
510 698 613 754 mereto
623 712 652 753 oe
663 691 770 753 intime
782 690 1006 752 consideretienio
1049 745 1052 748 ⁴

61 810 99 828 -κ
149 786 282 846 excludit.
322 787 421 846 'l'otem
435 805 501 846 vero
520 806 549 847 oe
565 785 722 845 insidientio
739 784 827 844 honde
844 783 1006 844 vulneribus
1048 846 1054 858 ,

59 884 65 894 ’
149 878 270 955 detegit3
292 879 359 955 quie
377 880 456 940 nulle
474 879 629 938 munitione
649 877 781 938 custodie
803 876 1003 937 circumcludit

150 971 231 1030 Unde
243 972 377 1048 seriptum
388 977 447 1031 eet:
471 976 491 1005 ‘¹
501 971 581 1030 Siout
591 973 658 1032 urbo
674 975 772 1048 peteno
787 976 817 1030 et
828 972 931 1046 ebequo
944 988 1005 1028 mu-

148 1080 242 1122 rorum
261 1063 376 1135 embitu,
396 1063 438 1123 ite
453 1062 497 1121 vir
512 1062 562 1139 qui
578 1081 636 1123 non
651 1066 744 1140 potent
759 1061 790 1120 iu
805 1061 943 1138 loquendo
962 1079 1006 1119 co·

148 1153 243 1214 helene
263 1154 392 1230 spiritum
410 1155 543 1214 nuum⁰.”
581 1155 656 1222 Quin
674 1156 749 1215 euim
768 1173 880 1214 murum
901 1152 1007 1213 silentii

67 1327 68 1330 Ἴ
148 1265 204 1307 non
215 1248 307 1320 hebet,
322 1251 399 1325 petet
414 1247 520 1309 inimici
530 1248 632 1326 jeoulie
644 1248 742 1308 civiter
758 1247 876 1320 mentio3
897 1249 1006 1307 etcum

150 1360 180 1401 ee
198 1360 248 1419 per
264 1343 349 1402 verbe
367 1347 448 1402 extre
468 1343 641 1420 nemetipeem
661 1342 747 1420 ejicit,
767 1345 889 1418 epertem
909 1359 938 1400 oe
958 1340 1006 1399 ed·

150 1433 271 1495 remei-io
283 1435 412 1496 ootendit
451 1436 541 1501 Quem
553 1441 633 1496 tento
644 1436 694 1496 ille
711 1436 769 1495 eino
781 1435 874 1493 lubere
885 1437 1006 1510 superet,

151 1533 255 1603 quento
275 1532 306 1587 et
326 1526 388 1605 ipre
409 1546 472 1606 que
494 1528 625 1600 vincitur,
645 1533 740 1610 oontre
762 1527 936 1615 nemetipnum
956 1543 1008 1603 per

149 1620 357 1697 multiloquium
370 1629 484 1697 pugnet

188 1713 355 1791 Plerumque
379 1720 481 1787 eutem,
508 1714 575 1794 quie
599 1734 650 1792 per
677 1714 809 1794 quoedem
833 1715 936 1792 greduo
960 1714 1006 1774 do·

149 1805 250 1865 eidioee
270 1827 348 1867 mene
368 1810 399 1867 in
417 1809 526 1884 lepenm
547 1828 626 1868 eenuo
645 1808 807 1885 impellitur,
830 1809 898 1867 dum
919 1809 1006 1869 otioee

83 1925 89 1934 ·
150 1916 246 1958 cerere
270 1902 354 1960 verbe
382 1901 556 1978 negligimus,
583 1903 618 1960 ed
646 1901 730 1959 noxie
754 1901 945 1977 pervenimueo
972 1905 1007 1962 ut

150 1991 229 2066 prino
252 1993 330 2069 loqui
354 1994 445 2054 eliene
468 1996 562 2065 libeet,
589 1995 761 2070 postmodum
789 1994 1006 2054 detractionibus

149 2101 244 2142 eorum
262 2085 357 2158 vitem,
378 2086 412 2144 de
434 2086 536 2163 quibue
553 2087 688 2163 loquitur,
706 2085 837 2156 mordent,
859 2087 895 2144 cd
914 2091 1005 2146 extre·

150 2194 226 2234 mum
238 2195 304 2236 vero
312 2197 400 2255 noque
411 2180 447 2237 od
459 2185 567 2255 eporten
575 2178 672 2254 lingue
680 2177 859 2237 contumelias
868 2183 1005 2255 erumpet.

150 2263 227 2325 Hine
246 2268 416 2327 commentar
435 2256 550 2342 stimuli,
572 2269 700 2327 oriuntur
717 2269 796 2341 rixoe,
818 2271 1006 2329 eocenduntur

149 2357 223 2416 luceo
241 2358 375 2430 odiorum,
393 2379 450 2436 pex
469 2360 647 2435 extinguitur
664 2361 797 2420 cordium.
835 2362 917 2422 Unde
936 2363 1006 2422 bene

150 2465 200 2522 por
217 2449 390 2511 Salomonem
409 2452 525 2514 dicituro
550 2452 636 2517 “Qui
654 2453 773 2513 dimittit
791 2473 900 2531 quem,
921 2458 1006 2531 ceput

150 2542 194 2597 rot
201 2541 360 2616 jurgiorum
368 2543 406 2602 'J’
446 2549 556 2619 Aquom
565 2544 669 2621 quippe
677 2544 817 2603 dimittere
826 2550 870 2604 eet
881 2546 1006 2620 linguem

55 2622 64 2641 ’
151 2628 181 2688 in
194 2632 302 2692 fluxum
313 2635 417 2711 eloquii
433 2637 566 2694 reluere.
605 2635 669 2700 Quo
685 2641 781 2696 contre
797 2637 828 2696 in
839 2639 911 2696 bone
921 2636 1005 2696 etiem

19 2721 24 2729 ’
151 2727 229 2798 perte
248 2725 350 2784 itemm
368 2727 487 2788 dicituro
517 2728 627 2803 “Aque
646 2729 784 2803 profunde
801 2730 885 2788 verbe
903 2747 941 2786 ex
960 2747 1007 2788 ore

151 2813 256 2874 viriss.''
293 2816 350 2881 Qui
360 2837 425 2893 orgo
437 2817 555 2878 dimittit
566 2838 675 2897 quum.
687 2825 772 2895 ceput
782 2824 826 2879 eet
832 2821 1005 2897 jurgiorum3

151 2906 219 2981 quie
239 2907 290 2983 qui
310 2909 434 2984 lingoum
458 2929 515 2970 non
535 2911 665 2984 refrenet,
688 2911 859 2970 concordiem
880 2911 1006 2988 dieuipet.

152 2997 234 3057 Unde
257 3016 274 3059 e
295 2999 404 3060 dirmro
428 3002 561 3083 ooriptum
585 3009 643 3062 erte
674 3002 760 3067 “Qui
781 3003 899 3079 imponit
920 3003 1007 3063 etulto

150 3088 302 3162 rilcntium,
325 3091 382 3151 iren
405 3092 566 3170 mitiget¹.”
608 3094 689 3161 Quod
712 3101 806 3156 eutem
830 3093 1007 3171 multiloquio

153 3180 271 3259 quinque
292 3185 414 3245 rer-viem
434 3186 628 3248 rectitudinem
645 3186 766 3264 justitie
787 3191 881 3246 tenere
902 3204 1007 3264 neque·

136 3290 237 3352 ’quem
248 3276 344 3352 poerit,
357 3269 477 3338 tee'tetur
491 3280 638 3357 Propheta,
656 3278 707 3357 qui
723 3279 781 3339 eitr
804 3279 882 3339 “Vir
898 3279 1006 3355 lingue·

236 3408 444 3458 wmmee
520 3384 523 3390 ’
716 3406 923 3459 ‘moenum

262 3480 470 3539 tl’mavlltl.
675 3481 895 3532 'Prommsstl
