2334 4110
296 640 378 697 uo·
492 636 949 715 somoonmuraome.
1015 606 1019 614 ’
1068 636 1151 716 [ω.

295 806 378 864 quem
389 785 443 846 sibi
454 786 529 864 epnd
544 805 574 845 se
585 785 698 846 reotoris
709 784 845 862 potientis
861 779 1012 845 olemen'ter
1024 792 1150 848 exousot.

294 880 357 948 Qus
368 881 475 940 soilioet
485 879 704 940 dissimnlstione
717 883 787 938 bene
797 879 816 938 J
816 878 924 938 ndoenm
937 879 1074 939 Dominus
1091 900 1149 941 oor·

293 974 369 1051 ripit,
389 992 453 1032 oum
472 991 523 1048 per
539 972 703 1048 prophetem
720 971 805 1030 dieit:
827 971 975 1030 “llontito
993 990 1031 1043 es,
1046 981 1076 1032 et
1093 973 1150 1032 mei

292 1087 347 1129 non
369 1087 399 1129 es
420 1065 570 1138 medon,
592 1083 683 1143 nequo
703 1064 832 1141 eogitusli
853 1063 884 1124 in
903 1065 984 1125 oorde
1002 1071 1061 1138 tuo,
1082 1066 1149 1145 quio

292 1182 344 1237 ego
360 1167 463 1233 uem,
483 1166 514 1219 et
533 1160 614 1236 qussi
635 1178 690 1218 non
708 1158 865 1217 videm·.''
904 1160 943 1219 Et
960 1159 1148 1219 dissimularit

27 1195 53 1335 ’,ιΙ
159 1292 162 1298 2
237 1321 240 1327 ¹
290 1273 356 1329 ergo
379 1253 484 1329 onlpos,
511 1256 542 1312 et
564 1251 695 1322 innotuit,
723 1250 790 1326 quin
814 1255 843 1310 ot
867 1254 963 1308 oontro
987 1255 1147 1326 peccantem

291 1345 388 1419 tsonit,
401 1350 432 1405 et
444 1346 496 1404 hoo
508 1344 598 1420 ipsum
613 1348 713 1415 umen,
728 1343 795 1421 qniu
806 1343 934 1416 teonesit,
946 1342 1029 1402 dixit
1068 1342 1146 1402 lion·

263 1488 268 1496 .
290 1439 472 1499 nullsuntem
485 1438 531 1496 rel
543 1439 638 1514 operte
652 1435 771 1512 oognitu,
787 1441 893 1496 mature
910 1435 1053 1496 tolernnde
1069 1445 1145 1509 sumt,

289 1553 353 1592 oum
365 1531 497 1592 videlieet
512 1551 605 1590 rerum
622 1531 737 1590 minime
753 1529 946 1608 opportunitas
962 1529 1098 1605 oongruit,
1113 1535 1147 1590 nt

289 1632 383 1704 operte
402 1625 583 1702 oorrigsntnr.
622 1625 695 1685 lium
711 1629 785 1685 neoto
803 1625 950 1685 immature
966 1624 1162 1686 soluendo·

288 1721 377 1782 tesius
393 1719 590 1792 inferresount,
603 1724 633 1779 et
650 1718 705 1778 nisi
723 1739 786 1780 onm
805 1723 928 1798 tompore
946 1718 1146 1779 mediosmentn

288 1816 463 1886 oonsenisnt.
472 1818 579 1875 oonstut
596 1813 777 1890 proouldubio
793 1814 868 1890 quod
880 1812 1008 1873 medendi
1024 1813 1144 1872 oliloium

289 1909 426 1968 omittunt
466 1907 522 1967 seo
539 1924 603 1964 oum
622 1911 732 1981 tempus
750 1907 869 1964 subditis
887 1906 924 1964 od
945 1906 1143 1981 eorreptionem

289 1999 433 2076 queritur,
444 2000 496 2058 sub
508 1998 568 2074 ipso
580 1997 724 2073 onlpnrnm
737 1997 856 2072 pondere
871 1996 1006 2073 potientis
1017 1997 1144 2075 presulis

288 2097 441 2150 exornetur.
461 2090 543 2151 Unde
555 2091 626 2148 bene
637 2108 686 2165 per
696 2089 869 2148 Psalmistem
881 2088 1001 2149 dioitur:
1025 2093 1044 2123 ‘⁸
1053 2088 1144 2166 Snpre

288 2184 398 2244 dorsum
416 2204 509 2244 meum
531 2183 736 2242 sobrionvernnt
756 2180 963 2260 peoootoros².''
996 2181 1040 2242 ln
1062 2182 1143 2242 dorso

287 2279 390 2354 quippo
405 2297 488 2336 onero
504 2277 679 2335 sustinemus
720 2277 810 2352 Snprs
826 2276 937 2335 dorsum
954 2276 1042 2350 igitur
1060 2296 1142 2335 suum

285 2370 431 2428 lsbriossse
443 2376 598 2445 peooetores
609 2368 744 2444 queritur,
756 2387 788 2426 no
803 2368 827 2426 si
846 2373 940 2444 operte
952 2369 1044 2427 diost:
1066 2369 1143 2433 Quos

286 2462 420 2537 oon-igere
431 2480 546 2537 nequeo,
561 2460 641 2536 quusi
654 2461 895 2536 superimpositum
907 2479 978 2518 onus
990 2466 1077 2537 porto.

323 2553 466 2613 lionnulls
477 2556 571 2611 sutem
584 2551 692 2611 ooonlts
702 2553 844 2611 subtiliter
856 2557 922 2612 sunt
934 2553 1139 2628 perscrutando,

69 2591 75 2748 ἰ
176 2647 181 2658 '
285 2651 319 2704 ut
330 2645 494 2723 qmlsusdsm
506 2644 593 2720 signis
604 2644 812 2720 erumpentibus
825 2650 913 2704 rector
925 2645 955 2703 in
968 2645 1141 2704 subditorum

284 2744 377 2798 mente
394 2758 482 2812 omne,
496 2738 572 2815 qnod
588 2737 714 2796 ohneum
732 2737 811 2809 lutet,
825 2736 958 2809 inveniat,
972 2743 1002 2796 ot
1019 2737 1138 2797 interve·

282 2831 378 2889 niente
394 2829 573 2907 eorreptionis
589 2829 707 2888 ertionlo
724 2848 761 2888 ex
773 2829 896 2888 minimis
911 2830 1016 2906 majore
1027 2848 1140 2906 oognos·

283 2928 338 2983 est.
376 2922 457 2983 Unde
478 2927 553 2982 reste
573 2923 608 2981 sd
631 2922 806 2982 Eseohielem
827 2922 948 2982 dieitur:
981 2923 1066 2982 “Fili
1090 2924 1140 2983 ho·

285 3015 378 3085 minis,
403 3016 466 3075 lodo
490 3016 623 3091 parietem
639 3015 681 3075 ·.''
732 3015 789 3076 Ubi
817 3034 885 3074 mox
907 3015 982 3073 idem
1006 3017 1142 3093 prophete

70 3099 72 3108 '
127 3127 129 3133 v
193 3183 195 3187 ¹
284 3107 446 3184 eerongitz
469 3108 536 3165 “ne
556 3127 619 3166 eum
640 3108 770 3167 fodiem
784 3107 927 3186 prorsum,
948 3108 1078 3184 opposuit
1097 3127 1140 3167 ο..

284 3198 356 3257 tium
380 3218 478 3258 unum.
516 3199 555 3258 Et
578 3199 654 3259 dixit
678 3199 714 3258 sd
737 3219 804 3261 me:
834 3199 994 3275 Ingredere,
1022 3208 1051 3258 et
1075 3199 1140 3261 side

283 3292 499 3353 stominstionss
513 3294 653 3372 pessimos,
667 3313 737 3371 ques
754 3292 803 3353 isti
821 3292 929 3353 isoinnt
946 3292 1001 3352 hio.
1041 3292 1081 3351 Et
1096 3291 1139 3351 io-

235 3398 236 3402 ’
284 3405 393 3461 Μ
413 3388 490 3448 ridi:
516 3397 548 3448 et
564 3408 627 3448 eooe
648 3389 738 3449 omnis
759 3389 913 3448 similitudo
936 3388 1089 3465 reptilium,
1110 3396 1140 3449 st

283 3480 445 3539 snimslium
460 3481 636 3552 stominstio‚
652 3489 683 3541 et
698 3481 829 3541 universo
845 3482 920 3541 idols
937 3481 1035 3540 domus
1050 3481 1139 3541 isreel

311 3596 504 3646 nativum
554 3606 556 3610 '
597 3597 802 3647 'honusti-l·
898 3597 1109 3648 ‘mollit
