2334 4110
199 641 300 697 ηδ’
401 635 433 696 S.
448 633 693 713 ammenopes
703 633 864 695 noerae.
970 631 1055 715 [rans

199 802 279 844 oens:
302 782 411 858 “Elegi
428 785 458 843 te
475 782 507 842 in
523 782 631 843 eamino
646 781 868 860 paupertatis‘J'
906 782 948 843 at
959 785 1055 842 eontra

198 877 303 935 Paulus
314 875 451 951 discipulo
467 877 502 935 ds
518 876 654 935 divitibus
669 875 756 934 dioit:
779 880 799 910 ⁴⁸
807 875 951 935 Divitibus
968 876 1055 952 hujus

197 967 283 1028 seonli
303 967 423 1044 precipe
444 985 500 1026 non
522 967 639 1043 superbe
659 985 762 1044 sapere,
783 985 874 1043 noque
896 985 1005 1042 sperare
1022 967 1055 1025 in

196 1059 303 1118 ineerto
327 1059 489 1117 divitiarum
514 1058 676 1116 suarum·.'’
715 1058 772 1117 Ubi
797 1059 950 1117 notandum
972 1057 1054 1116 valde

198 1157 249 1222 est,
263 1148 338 1226 quod
349 1148 518 1208 humilitatis
529 1149 624 1207 dootor
642 1149 801 1207 memoriam
817 1148 939 1206 divitum
950 1149 1056 1207 latiens

196 1259 254 1300 noa
271 1241 321 1312 alt,
336 1240 424 1314 Roga,
439 1240 487 1298 sed
502 1239 694 1316 ‘'Praeoipo;”
714 1240 782 1316 quie
799 1240 853 1298 etsi
871 1239 1057 1315 impendenda

195 1337 238 1392 et
249 1331 340 1407 pietas
351 1330 517 1405 infirmitati,
529 1332 617 1389 honor
629 1337 722 1389 tamen
734 1350 789 1389 non
799 1331 918 1389 debetur
929 1331 1054 1389 elationi.

195 1424 311 1483 'inlatus
318 1441 384 1497 ergo
395 1429 512 1490 reatum.
521 1422 596 1499 quod
604 1421 715 1495 dieitur,
727 1426 806 1481 tanto
814 1422 918 1481 metius
926 1422 1053 1498 jubetur,

194 1520 299 1594 quanto
317 1524 348 1575 et
365 1515 396 1575 in
417 1516 501 1574 rebus
518 1514 685 1575 transitoriis
707 1514 858 1575 altitudine
877 1513 1055 1588 cogitationis
1091 1508 1115 1524 ‘⁴

194 1610 394 1668 intumescunt
432 1609 475 1666 Ile
499 1607 545 1666 lnis
570 1609 600 1666 in
625 1607 780 1681 Evangelio
803 1607 941 1666 Dominus
966 1606 1052 1666 dioit:

196 1701 275 1762 “Vre
294 1701 374 1760 robis
393 1700 537 1773 divitibus,
559 1702 609 1778 qui
630 1701 740 1760 habetis
759 1701 973 1760 eonsolationem
991 1719 1054 1758 res·

10 1826 13 1837 ·
123 1787 126 1791 ⁴
195 1794 311 1852 tram'.”
337 1793 411 1858 Quia
425 1794 500 1851 eninr
519 1814 582 1870 quae
601 1800 667 1852 sunt
686 1793 1056 1869 aternegaudianesoiuut.

194 1904 232 1943 ex
249 1885 396 1961 presentis
406 1883 474 1942 ritte
491 1885 661 1943 abundantia
679 1886 865 1944 consolentur.
903 1884 1054 1942 Offerenda

195 1980 239 2034 et
257 1995 322 2050 ergo
340 1976 381 2034 eis
400 1975 557 2046 consolatio,
578 1994 648 2052 quos
666 1976 791 2034 eominus
811 1974 984 2051 paupertatis
1003 1993 1051 2033 ex·

194 2066 304 2142 coquit3
324 2071 408 2144 etque
420 2067 478 2125 illis
490 2069 650 2126 inserendus
662 2073 706 2127 est
716 2069 808 2136 timor,
822 2061 892 2145 quos
904 2067 1053 2126 oonsoletio

193 2158 288 2232 gloriae
300 2158 460 2234 temporalis
471 2159 601 2230 extollit;
622 2165 655 2218 ut
667 2167 697 2218 et
710 2160 754 2218 illi
769 2160 885 2229 diwant,
900 2159 967 2235 quie
978 2159 1051 2217 divi·

194 2253 256 2323 tius,
277 2271 347 2328 quas
365 2271 422 2309 non
437 2250 620 2327 oonspioiunt,
639 2252 797 2327 possident3
824 2258 853 2310 et
872 2251 920 2310 isti
939 2270 1052 2324 eognos-

193 2349 267 2415 oent,
292 2344 360 2420 qnia
383 2363 438 2417 aas,
456 2363 525 2420 quas
549 2344 732 2419 oonspieiunt,
756 2363 931 2420 nequequam
957 2350 1052 2403 tenere

192 2441 315 2510 possunt.
355 2437 521 2513 Plerumque
540 2441 634 2496 terma
652 2456 830 2512 personemus
847 2436 970 2494 ordinem
989 2454 1051 2511 per-

192 2532 283 2587 mutat
294 2529 416 2605 qualitas
427 2548 543 2601 morum,
559 2534 593 2588 ut
608 2528 646 2586 sit
663 2528 742 2588 dives
758 2528 881 2600 humilis,
896 2529 935 2587 ait
946 2547 1052 2604 pauper

191 2618 291 2678 elatus.
330 2620 413 2679 Unde
431 2640 498 2678 mox
515 2621 693 2697 predicantis
712 2622 810 2695 lingue
828 2640 892 2679 oum
911 2621 1051 2679 audientis
1098 2648 1101 2656 ¹

191 2710 275 2769 debet
294 2710 354 2769 rita
376 2712 518 2787 componi:
547 2716 582 2771 ut
602 2717 682 2771 tento
704 2713 858 2772 districtius
879 2714 910 2772 in
930 2732 1050 2791 paupere

190 2802 338 2861 elationem
357 2805 448 2871 feriet,
467 2811 571 2880 quanto
590 2825 651 2863 eam
669 2824 721 2863 neo
739 2806 819 2863 illota
837 2813 987 2881 paupertas
1005 2805 1049 2863 in-

190 2893 286 2966 olinat,
309 2901 340 2954 et
357 2900 437 2955 tento
455 2895 547 2955 lenius
568 2897 756 2956 humilitatem
777 2896 899 2955 divitum
918 2896 1049 2969 muleeat,

189 2998 295 3064 quanto
307 3006 354 3046 ees
365 3007 416 3046 neo
429 2989 608 3059 abundantia,
623 3008 686 3066 quaa
699 2989 836 3075 sublevet,
851 2990 968 3049 exaltet.

227 3080 435 3158 Nonnunquam
454 3090 546 3141 umen
565 3083 650 3143 stiam
668 3084 804 3161 superbus
821 3082 901 3142 dives
920 3084 1050 3144 oxhorta-

190 3171 276 3233 tionis
292 3174 483 3236 blandimento
501 3176 653 3252 pleoandus
671 3183 728 3248 est;
752 3177 821 3255 quia
838 3181 868 3239 at
885 3177 1050 3255 pleramque

1 3216 15 3387 Ξ
113 3255 115 3258 ’
189 3264 260 3326 dura
281 3268 398 3328 vulnera
419 3286 470 3345 per
490 3268 565 3330 lenia
583 3273 707 3332 fomenta
726 3271 900 3344 mollesonnt,
921 3271 1050 3331 otiarer

94 3714 189 3828 >N

188 3359 348 3420 insanorum
366 3380 439 3439 sepe
458 3363 494 3421 ad
512 3364 629 3424 salutem
646 3365 753 3425 medioo
765 3364 926 3426 blandiente
937 3361 1046 3424 redual-

188 3457 253 3526 ban
271 3472 390 3532 onmqns
408 3454 450 3513 sis
467 3454 499 3514 ln
517 3455 663 3516 dulosdine
679 3457 917 3529 oondesoenditnr'‚
931 3457 1049 3532 languor

242 3552 459 3612 ‘meamne
538 3565 738 3615 meamne.
821 3565 991 3616 'hamt
