2266 3946
135 559 190 616 ³24
333 555 790 636 &Orseors‘s‘lbyslsl'ertorsls'o
903 559 989 642 [rsus

132 702 163 763 in
186 700 290 762 tuturis
314 705 485 778 erubeseunt,
511 703 623 764 diosus:
655 704 838 765 “Fornioete
867 709 934 768 sunt
958 658 997 767 in.

133 795 268 871 AEgypto,
288 794 319 853 in
337 796 520 856 odoiesoontis
537 815 588 855 sus
603 796 745 856 iomiostm
762 801 845 856 sunto
868 797 909 858 ibi
924 801 989 859 snb·

132 893 194 946 soto
206 891 272 946 snut
283 889 369 946 ubero
380 906 484 960 eorum,
495 892 525 947 et
535 889 630 948 uscos
643 892 709 947 sunt
720 907 846 948 mommo
858 893 988 966 puberts·

132 978 170 1038 tis
189 978 334 1038 esrom¹.'’
374 979 411 1037 In
430 980 557 1055 AEgypto
577 979 681 1056 quippe
702 981 788 1039 ubere
810 981 985 1057 subiguntur,

131 1089 196 1130 oum
212 1070 289 1147 tmpi
306 1071 507 1148 hujusmundi
524 1071 661 1132 desiderio
677 1074 806 1134 humone
824 1073 926 1133 mentis
940 1092 989 1132 ro·

131 1163 226 1222 luntas
245 1163 440 1223 substernitur.
479 1164 516 1222 Iu
537 1164 664 1241 AEgypto
685 1165 841 1242 pubertstis
862 1183 988 1225 msmmse

132 1255 309 1332 tranguntur,
328 1257 438 1333 quondo
456 1257 596 1316 uutnrsles
614 1276 711 1317 sensum
729 1259 821 1318 ndbuo
838 1257 870 1318 in
888 1264 988 1318 semet·

62 1397 65 1404 .
132 1347 201 1424 ipsis
218 1348 330 1424 integri,
349 1347 487 1426 pulsantis
504 1350 734 1427 oonoupisoentie
751 1351 925 1429 oorruptione
944 1349 989 1410 ri·
1023 1429 1028 1439 Ι

131 1440 248 1499 tisntur.

169 1532 344 1593 Admouendi
356 1535 423 1593 sunt
437 1537 550 1610 peoosts
565 1534 655 1593 osrnis
671 1534 789 1611 experti,
808 1539 843 1594 ut
856 1534 988 1610 vigilanti

132 1640 199 1683 ours
214 1626 394 1704 oonspioiont,
412 1632 475 1703 post
492 1627 595 1687 doliots
611 1628 689 1687 nobis
707 1629 743 1687 sd
761 1649 789 1688 se
807 1628 988 1689 redeuntibus

131 1717 210 1776 Deus
221 1725 326 1794 qusnts
338 1720 634 1780 benevolentissimum
646 1740 703 1780 sure
712 1721 825 1796 pietotis
835 1722 986 1797 expendet,

130 1829 195 1870 oum
213 1829 263 1886 per
279 1811 445 1887 Prophetum
463 1811 553 1872 diost:
583 1812 642 1872 “Si
658 1811 793 1872 dimiserit
810 1810 855 1871 vir
871 1832 988 1874 uxorem

131 1921 219 1974 susm,
242 1908 271 1962 et
284 1902 335 1961 illo
350 1905 481 1963 reoedens
496 1905 611 1964 duxerit
626 1906 718 1964 virum
736 1904 832 1976 olium,
849 1906 988 1983 numquid

129 1999 286 2054 revertetur
297 1996 332 2054 sd
343 2015 404 2055 enm
417 1996 514 2057 ulmi
548 1997 692 2075 Numquid
700 2017 756 2056 non
765 1998 873 2075 polluto
880 2005 910 2059 et
922 2018 987 2059 oon·

130 2086 265 2144 teminots
282 2085 336 2146 erit
350 2089 453 2148 mulier
464 2088 538 2150 illei
574 2088 618 2148 Tu
630 2093 722 2147 subm
735 2089 870 2149 fomiosts
880 2108 911 2148 os
921 2108 987 2150 oum

129 2180 298 2240 smotoribus
319 2182 425 2257 multis,
443 2187 536 2242 umen
554 2187 690 2242 revertere
708 2182 744 2240 sd
765 2201 818 2255 me,
842 2181 912 2242 dioit
929 2183 986 2243 Do-

26 2275 34 2297 ⁶
130 2272 224 2332 miuus
232 2272 276 2333 1.”
311 2275 383 2335 Eooe
401 2276 436 2334 de
452 2276 604 2334 forniosnte
617 2274 756 2334 etreliets
771 2275 888 2335 muliere
903 2267 986 2352 orgu-
1015 2293 1024 2302 ·

130 2371 255 2425 mentum
264 2367 383 2443 justitie
393 2368 563 2443 proponitur,
575 2372 604 2426 ot
616 2375 708 2426 tomen
716 2367 796 2426 uobis
803 2373 867 2444 post
877 2368 986 2446 lepsnm

129 2458 309 2517 redeuntibus
320 2478 377 2517 non
385 2459 506 2535 justitio,
520 2460 567 2518 sed
579 2459 669 2535 pietus
680 2459 838 2520 exhibetur.
868 2461 910 2521 Ut
920 2461 987 2520 bino

94 2528 103 2555 ⁶
129 2549 228 2627 ntique
240 2550 411 2625 oollipsmns,
425 2551 540 2610 sinobis
550 2551 775 2628 delinquentibus
787 2555 867 2612 hub
883 2551 988 2629 pietate

128 2643 262 2718 perditur,
274 2661 291 2701 s
302 2643 382 2701 nobis
393 2661 444 2701 neo
459 2649 522 2720 post
536 2643 668 2703 deliotnm
687 2643 868 2703 redeuntibus
882 2649 988 2720 qusnts

129 2734 306 2811 improbitate
323 2738 472 2811 peoosteru
495 2739 546 2794 sut
561 2753 624 2812 qum
643 2737 678 2795 sb
696 2735 747 2794 illo
765 2735 820 2796 orit
835 2755 918 2813 super
933 2735 986 2796 im·

129 2829 229 2907 prebes
240 2827 330 2898 senis,
344 2825 395 2905 qui
406 2845 462 2887 non
474 2832 564 2889 oessst
574 2846 670 2888 voosrs
682 2832 746 2905 post
757 2829 876 2906 oulpsm.
916 2828 986 2896 Ques

130 2920 263 2981 nimirum
287 2921 357 2981 bone
381 2939 433 2998 per
453 2919 619 2999 Prophetsm
640 2927 704 2998 post
724 2921 861 2983 deliotum
879 2919 998 2984 miseri:

131 3014 225 3075 oordis
244 3013 396 3075 roostiouis
416 3013 592 3091 exprimitur,
616 3033 680 3075 oum
701 3034 796 3077 everso
816 3014 923 3077 bomini
944 3014 987 3077 di·

28 3111 32 3120 '
129 3105 220 3166 eiturs
241 3106 488 3166 “Eteruntoouli
500 3107 676 3167 tuiridsutes
687 3112 882 3185 preoeptorem
894 3113 985 3182 buum,

130 3204 161 3258 et
171 3216 252 3258 sures
269 3201 327 3260 ons
343 3197 460 3260 sudient
469 3200 585 3260 verbum
595 3206 659 3277 post
673 3203 784 3277 tergum
800 3200 986 3261 monentis·.”

130 3290 295 3351 Eumsnum
315 3291 420 3370 quippo
438 3311 527 3369 gersus
544 3293 680 3352 Dominus
698 3293 730 3353 iu
748 3294 847 3354 isoiem
865 3292 984 3368 monuit,

131 3383 986 3465 qnsndoinpsrrdisooouditoboministqusinbbsrosr·

157 3506 385 3561 uersuum&
477 3509 630 3562 renutu
713 3508 957 3572 ⁸Mmml.
