2334 4110
150 668 207 726 ³14
344 661 376 722 S.
391 659 517 739 Greeorii
526 660 635 739 Μυῖα
646 657 806 721 Posterols's.
922 659 1005 738 [esus

149 812 256 884 tollere,
270 811 305 870 nt
320 814 413 870 tumsn
433 828 585 887 numquam
597 808 707 869 desinet
725 827 832 868 summe
848 809 1005 868 formidare.
1020 816 1022 820 ’

149 904 206 963 Ubi
223 907 287 979 opto
306 920 417 979 quoque
435 902 519 976 poulo
537 906 601 978 post
619 901 731 960 subdit:
756 899 915 960 '‘Pontorit
932 900 1007 959 enim

16 979 20 983 ’
149 996 239 1071 figure
254 995 340 1070 hujus
358 993 501 1055 mundi'.”
539 997 583 1054 Ao
605 995 628 1053 si
651 998 745 1068 oporte
766 994 887 1053 diesret:
910 993 1006 1052 Nolite

149 1093 307 1146 constanter
318 1086 452 1145 mnndum
464 1084 588 1161 diligere,
601 1087 711 1164 quondo
723 1091 753 1144 et
764 1085 824 1161 ipss
836 1103 892 1143 non
904 1089 1005 1161 potest,

150 1186 233 1256 quem
251 1178 379 1254 diligitis.
401 1185 482 1237 sure.
528 1178 673 1237 Inoossum
695 1196 742 1236 eor
763 1177 843 1254 qussi
862 1181 1006 1236 monentes

21 1304 25 1310 .
151 1271 247 1347 figitis,
260 1270 328 1329 dum
342 1270 417 1345 fugit
428 1269 487 1346 ipse
499 1289 583 1346 quom
595 1269 702 1329 emotis.

187 1361 361 1423 Admonendi
378 1370 444 1422 nent
462 1362 601 1439 conjuges,
615 1366 649 1422 nt
665 1381 707 1433 es,
722 1359 867 1437 inquibus
884 1358 938 1418 sibi
955 1359 1005 1418 sli-

150 1455 261 1533 qnondo
273 1454 430 1531 displicent,
444 1460 476 1529 et
487 1454 625 1530 potientes
641 1454 761 1512 invioom
773 1454 901 1525 tolerent,
916 1459 946 1512 st
957 1472 1006 1512 ex·

150 1547 292 1607 hontnntes
316 1547 435 1605 invicem
465 1547 583 1606 solvent.
635 1546 777 1623 seriptum
801 1565 921 1623 nemque
946 1557 1006 1608 este

152 1639 307 1698 “Invioem
332 1658 416 1697 onero
440 1643 533 1698 vestro
557 1644 675 1715 porteto,
699 1645 729 1699 ot
755 1640 795 1698 sio
820 1638 1009 1716 adimplebitis

150 1732 242 1811 legem
255 1731 405 1792 chrisdsx’
437 1732 498 1791 Iex
509 1731 613 1808 quippe
631 1732 736 1792 Christi
748 1731 849 1791 ennius
862 1735 919 1790 ost:
941 1729 1008 1807 quin

151 1844 188 1884 ex
200 1825 250 1883 illo
269 1824 349 1883 nobis
365 1828 395 1884 et
411 1825 528 1899 largiter
540 1843 591 1883 sun
608 1825 681 1884 bono
695 1823 825 1895 eontulit,
841 1827 871 1883 et
884 1823 1008 1901 sequnni·

151 1918 234 1976 miton
246 1917 319 1975 moin
337 1924 430 1975 nostru
447 1916 577 1993 portavit
617 1916 697 1976 Tnno
715 1936 781 1991 ergo
798 1917 889 1991 legem
905 1915 1008 1976 Christi

58 2070 61 2074 ,
151 2009 286 2068 imitando
306 2009 484 2086 complemus,
506 2011 617 2086 quondo
636 2014 666 2068 et
686 2015 781 2068 nostro
802 2010 874 2069 δοιιιι
890 2008 1010 2084 benigne

151 2101 326 2173 senserimus,
347 2107 377 2160 et
395 2111 551 2160 nostrorum
573 2103 646 2159 mols
667 2102 714 2177 pie
733 2101 911 2160 sustinemus.
951 2100 1009 2159 Ad·

152 2195 280 2254 monendi
293 2215 403 2272 quoque
419 2199 493 2267 suut,
510 2201 543 2255 ut
559 2213 654 2254 eorum
673 2194 791 2271 quisque
808 2213 864 2254 non
876 2199 935 2254 tum
948 2212 1011 2271 qun

152 2288 187 2345 sb
205 2287 293 2345 altero
312 2287 420 2359 toleret,
435 2306 520 2363 quem
535 2305 598 2363 qun
616 2288 651 2346 nb
666 2287 727 2362 ipso
742 2287 904 2357 tolerentur,
920 2293 1033 2364 otton-‚ff

93 2377 95 2382 ’
152 2378 210 2438 dot
257 2379 288 2438 si
307 2379 381 2437 onim
400 2399 450 2438 sun
468 2399 532 2456 qun
551 2384 699 2456 ponuntur
717 2379 881 2453 oonsidornt,
899 2398 932 2439 se
946 2398 1011 2456 qun
1031 2425 1042 2434 .

129 2541 133 2545 ‚
151 2470 287 2588 obsitos-o
304 2471 423 2531 sustinet
434 2472 527 2530 levius
538 2475 639 2546 pontst

189 2563 364 2623 Admonendi
379 2571 446 2624 sunt
464 2563 605 2640 oonjngn,
623 2568 658 2624 nt
676 2562 858 2640 suseipiendn
876 2563 963 2640 prolis
981 2582 1011 2624 ss

152 2654 329 2715 mominenint
344 2675 427 2715 osnes
442 2656 614 2738 oonjnnotos,
632 2662 661 2716 et
677 2675 741 2715 oum
758 2655 945 2716 immoderstu
963 2657 1010 2715 sd·

151 2746 282 2807 mixtioni
303 2747 454 2807 servientes
475 2748 680 2824 propogutionis
705 2747 855 2807 srtioulum
876 2749 907 2805 in
928 2768 1011 2807 usum

151 2840 322 2900 transierunt
345 2841 507 2918 voluptatis,
532 2842 713 2918 perpendunt,
739 2841 813 2918 quod
840 2841 908 2900 lieet
930 2851 1012 2901 oxus

151 2950 208 2990 non
219 2936 330 3008 exeunt,
342 2932 373 2991 in
385 2931 446 3010 ipso
461 2937 555 2992 tomen
574 2932 703 3011 eonjugio
719 2931 843 3010 eonjugii
856 2932 923 3010 juro
935 2943 1010 2994 trun·

152 3027 297 3086 soendunt.
315 3069 316 3072 ,
333 3026 416 3087 Unde
430 3044 541 3086 nooesss
560 3032 611 3102 set,
630 3032 665 3088 ut
682 3028 786 3087 orobris
804 3027 1012 3088 exoretionibus

152 3119 273 3188 deleont.
291 3120 367 3196 quod
384 3120 530 3196 pulohrsne
547 3120 655 3196 oopnlsn
673 3123 792 3197 speeiem
810 3120 945 3180 sdnnixtis
962 3140 1021 3180 eo·.

152 3212 309 3289 luptatibus
320 3212 437 3272 foednnt.
475 3212 552 3272 Hino
565 3219 608 3272 est
620 3213 703 3286 enim,
716 3215 791 3291 qnod
803 3215 912 3292 peritus
925 3213 1012 3273 nodi·

153 3303 223 3364 dns
235 3304 359 3364 ooelsstis
370 3304 521 3381 Apostolus
536 3324 592 3365 non
609 3315 667 3366 som
683 3325 763 3366 sonos
780 3299 914 3380 institnit,
927 3325 1012 3383 quom

153 3395 272 3457 indmis
286 3396 676 3475 mediosmsntsmonsusvit.
693 3399 803 3459 diesne:
824 3404 845 3434 “
854 3397 898 3458 De
910 3400 1013 3476 quibus

154 3489 302 3567 sosipsistis
313 3488 400 3550 nihi:
430 3489 711 3553 Bonumssthomini
723 3492 869 3552 mulierem
881 3510 939 3551 non
950 3496 1012 3552 tsn-

267 3607 465 3661 ¹1ooe.=usu
717 3613 900 3664 nodosus
