2266 3946
42 250 840 321 *mh—enfl-

135 610 191 666 280
327 600 360 661 S.
374 596 620 676 urgereturque
631 593 791 657 noerae.
906 599 989 680 [rm

44 779 60 789 =
135 753 243 831 pondua
259 749 392 825 levigent,
410 748 433 806 ei
452 747 527 807 inter
543 766 612 823 quoa
628 745 746 830 tuumne
761 766 856 823 paoem
873 749 993 812 debeant

75 898 89 904 ,,
134 846 270 920 ignorent.
318 842 393 900 Num
414 840 487 898 siout
507 839 629 898 multum
653 842 734 897 uoeet
755 838 780 897 ei
803 839 897 900 unitae
918 842 992 903 ‹ieait

135 938 225 1009 bunia,
244 936 286 997 iu
302 933 385 994 reide
409 941 453 993 eat
471 932 587 990 nexium
609 932 708 991 unou
728 932 802 993 deeit
820 933 910 995 malin
958 936 991 996 Si

134 1049 199 1105 ergo
218 1045 407 1106 perversorum
427 1024 554 1100 nequitia
575 1024 606 1083 in
624 1043 692 1102 pene
708 1023 849 1102 jungitur,
867 1028 991 1105 proieoto

132 1147 228 1188 eorum
245 1126 327 1185 malie
344 1124 452 1184 autibus
470 1125 555 1181 robur
573 1129 707 1196 augetur3
728 1124 795 1200 qnia
813 1143 870 1201 quo
889 1124 942 1184 oui
960 1126 991 1185 in

133 1225 242 1284 mulitia
257 1227 423 1298 congruunt,
437 1239 469 1279 eo
480 1239 516 1309 ‘ee
527 1220 669 1280 robuetiue
684 1222 820 1281 bonorum
836 1222 991 1283 afflictioni·

132 1327 186 1386 bue
201 1323 325 1383 sslidunt.
374 1321 451 1379 Hine
468 1338 588 1395 nemque
604 1323 648 1378 eet
665 1320 739 1396 quod
756 1325 852 1381 eontra
867 1322 992 1382 damnuti

131 1424 211 1482 illiue
229 1421 304 1480 vueio
328 1419 460 1478 videlieet
486 1417 655 1476 Antiehrieti
679 1419 872 1496 praedicatores
896 1420 991 1481 dirim

131 1541 198 1581 rooe
219 1519 372 1580 beatoiob
393 1516 517 1575 uioitor:
547 1517 698 1577 “Membra
718 1517 842 1578 onmium
862 1522 924 1598 ejua
945 1540 991 1582 eo·

130 1620 266 1681 nemen
281 1619 385 1679 eibitl'
422 1618 499 1676 Hine
516 1618 567 1675 aub
585 1636 762 1693 squamarum
779 1620 869 1695 epeoie
880 1623 916 1681 (ie
929 1623 991 1699 ejus

131 1721 300 1781 satellitibus
318 1719 497 1795 perhibetur:
520 1717 610 1776 “uno
629 1718 680 1776 uui
699 1719 888 1796 eonjuugitur,
906 1729 936 1781 et
955 1740 991 1780 ue

46 1875 52 1885 ,
131 1820 299 1897 spiraculum
312 1819 424 1895 quidem
436 1815 541 1875 incedit
553 1835 603 1891 per
614 1816 705 1874 eua¹.'’
738 1818 875 1894 Sequueee
887 1819 991 1896 quippe

129 1921 216 1991 illiue,
239 1937 295 1997 guo
314 1917 393 1976 nulle
413 1917 485 1974 inter
507 1935 537 1974 ee
553 1914 697 1975 dieeordim
718 1917 885 1979 edrereitate
906 1898 990 1979 dirisi

130 2029 205 2094 eunt,
224 2039 256 2078 eo
274 2019 305 2078 in
323 2020 457 2077 bonorum
478 2016 590 2091 groriuo
609 2036 677 2076 neoe
695 2018 895 2093 glomerantur.
911 2061 917 2067 -
933 2018 991 2086 Qui

68 2108 74 2122 ’
130 2140 196 2195 ergo
213 2120 324 2196 iniquoe
342 2137 409 2194 peoe
427 2117 522 2189 eoeiot,
541 2116 688 2194 iniquitati
706 2117 780 2178 vireo
799 2119 991 2193 administren

129 2223 198 2299 quia
208 2223 294 2280 bonon
305 2220 429 2278 deterius
440 2218 609 2293 deprimunt,
622 2237 693 2294 quoe
704 2223 734 2277 et
745 2219 916 2279 unanimiter
926 2240 990 2297 per·
1028 2225 1034 2244 ’·

131 2325 294 2400 aequentur.
333 2319 415 2380 Unde
428 2317 593 2395 predicator
609 2318 737 2394 egregius
748 2319 827 2395 greri
839 2319 990 2382 Pharieuo·

130 2442 193 2482 rum
212 2422 480 2497 Sedduoeeorumque
498 2419 688 2495 perseeutione
706 2421 900 2498 deprehensus,
916 2423 991 2483 inter

130 2523 289 2599 eemetipeoa
310 2521 434 2580 dividere
459 2520 576 2596 etuduit,
599 2541 670 2598 quoe
693 2531 789 2582 eontra
813 2541 842 2581 ee
866 2523 990 2598 graviter

131 2623 224 2682 unitor
240 2621 322 2695 vidit,
340 2641 403 2681 eum
421 2621 553 2681 elamevit
569 2622 682 2680 dieunt:
696 2625 715 2656 ‘⁴
734 2622 796 2680 viri
812 2623 921 2696 fratrea,
937 2641 989 2699 ego

131 2721 287 2780 Phademua
299 2741 370 2794 eum,
384 2720 460 2780 filine
472 2721 682 2795 Pharieoeorum
695 2722 730 2781 de
743 2741 791 2798 epe
808 2728 838 2783 et
853 2742 989 2784 reeurreo·

128 2820 206 2880 tione
226 2825 398 2879 mortuorum
420 2840 471 2895 ego
489 2820 645 2897 Jodioorw
692 2822 823 2898 Dumque
844 2822 990 2882 Minaei

130 2939 208 2996 apem
229 2919 510 2996 resurrectionemque
534 2926 705 2980 mortuorum
729 2939 788 2980 eeee
812 2921 991 2996 denegarent,

129 3038 214 3097 quam
231 3019 364 3080 Phuniaei
376 3021 463 3097 juxte
478 3018 549 3080 aaeri
566 3019 670 3097 eloquii
686 3027 825 3099 preoepu
836 3021 990 3091 medonem,

129 3121 204 3181 taeta
216 3121 247 3179 in
262 3129 468 3198 peneoutorum
486 3121 669 3181 unanimitate
685 3121 818 3181 ffimnaio
834 3125 886 3193 eet,
900 3127 931 3183 et
946 3122 988 3182 ui·
1019 3157 1025 3167 ·

129 3206 191 3279 riea
202 3222 285 3280 turba
295 3221 400 3280 illeso·
418 3221 523 3280 Paulua
539 3220 638 3293 exivit,
649 3239 713 3298 qum
728 3221 805 3280 hune
821 3220 902 3280 unita
911 3220 990 3297 priua

49 3349 53 3363 ι
130 3319 289 3381 immaniter
308 3321 418 3399 preeeit.
456 3320 632 3381 Admonendi
656 3321 753 3399 itaque
777 3325 853 3393 aunt,
876 3320 926 3400 qui
947 3321 990 3382 ia·

47 3478 73 3499 ,
130 3421 235 3482 oiaudm
246 3421 323 3500 paoia
335 3422 437 3483 etudiia
448 3427 627 3500 moueantur,
641 3425 676 3483 ut
690 3441 838 3501 pravorum
850 3422 992 3484 menube·

96 3585 100 3593 .
186 3543 365 3596 *remu
462 3544 622 3598 uoaxur.
746 3546 935 3599 roenna
