2334 4110
451 1142 633 1225 TERTIA
668 1143 803 1224 PARS.
837 1161 842 1172 '

192 1413 198 1423 ,
236 1341 419 1416 animno
439 1343 579 1410 necron
600 1344 696 1410 BENE
718 1343 856 1411 vwnns
876 1339 1018 1409 naam

311 1454 450 1522 1³00an
471 1455 517 1521 ET
536 1455 738 1522 ADHONERE
759 1455 940 1522 SUBDITOS.
1063 1495 1067 1502 -

478 1741 775 1809 PROLOGUS.
824 1792 827 1798 ,

251 1887 322 1948 ma
340 1887 428 1963 igitur
447 1889 538 1965 qualis
560 1906 619 1946 esso
640 1888 741 1946 doboot
762 1891 856 1963 pastor
877 1887 1056 1960 ostendimus,

269 1999 344 2038 nuno
352 1980 474 2057 qualiter
482 1981 586 2053 doooat,
596 1981 823 2039 demonstremus.
843 1979 884 2038 Ut
893 1978 967 2037 onim
977 1979 1058 2053 longe

199 2082 263 2131 ento
284 2091 335 2130 nos
356 2073 512 2132 reverendae
533 2072 671 2131 memorias
691 2072 840 2155 Gregorius
862 2071 1058 2130 Nazianzenus
1094 2110 1098 2123 ·

198 2163 317 2236 odoonit,
332 2184 388 2223 non
400 2184 457 2222 nna
469 2165 620 2241 eodemque
633 2163 740 2222 eunetis
752 2162 910 2222 exhortatio
919 2162 1056 2237 eongrnit,

198 2257 266 2334 qnia
278 2276 329 2315 neo
347 2263 462 2315 annotos
479 2277 530 2333 par
542 2276 650 2315 morum
665 2255 787 2333 qualitas
806 2254 944 2330 astringit
979 2255 1058 2331 Sepo

198 2367 320 2424 namquo
333 2347 397 2406 aliis
408 2348 541 2416 officiunt,
556 2366 619 2424 qum
632 2347 696 2405 aliis
707 2350 832 2427 prosunt.
873 2345 946 2410 Quia
958 2354 987 2405 ot
999 2345 1058 2422 ple·

198 2458 316 2516 rumque
333 2440 436 2510 berbto,
453 2455 517 2515 qum
534 2440 596 2498 boeo
612 2439 743 2497 animalia
761 2437 900 2510 nutriunt,
915 2438 971 2497 alia
987 2438 1059 2498 oooi·

79 2533 87 2546 '
198 2533 286 2604 dnnt3
306 2537 335 2590 et
353 2532 426 2590 lenis
445 2532 544 2590 sibilas
560 2551 646 2609 equos
666 2531 787 2606 mitiget,
805 2531 913 2589 ontulos
932 2531 1056 2605 instigat.

199 2623 239 2683 lot
250 2623 490 2697 medicamentum,
503 2625 578 2701 qnod
590 2626 665 2683 hano
678 2626 804 2683 morbum
817 2623 966 2690 imminuit,
977 2620 1070 2682 altori'

199 2715 273 2774 vires
288 2715 394 2792 jangit,
406 2721 437 2775 ot
452 2717 540 2793 panis,
554 2717 604 2794 qni
623 2717 711 2776 vitam
730 2715 844 2775 sortium
863 2718 981 2788 roborat,
995 2735 1058 2793 par·

199 2807 330 2866 rnlornm
338 2813 427 2868 neoat
455 2809 509 2868 Pro
521 2809 656 2886 qualitate
668 2808 756 2885 igitur
765 2808 938 2867 audientium
946 2808 1059 2868 formeri

199 2900 283 2959 debet
294 2919 384 2958 sermo
395 2900 547 2970 dootonrm,
560 2906 594 2961 nt
610 2907 641 2961 ot
656 2902 692 2960 ed
710 2920 760 2959 sue
778 2899 896 2974 singulis
913 2905 1056 2974 oongmet,

191 2999 230 3049 et
246 2997 340 3050 teman
353 3010 370 3048 a
382 2992 536 3051 eommunis
554 2991 745 3051 redifloetionis
763 2997 823 3050 erto
842 3010 995 3067 numquam
1013 3012 1057 3052 ro·

198 3083 287 3144 sedat.
314 3083 391 3148 Quid
402 3085 477 3143 onim
489 3089 557 3144 sant
568 3085 684 3145 intentos
696 3087 803 3142 montes
814 3082 987 3153 auditorum,
993 3084 1058 3155 nisi,

1 3201 3 3213 ·
72 3216 74 3220 μ
199 3179 233 3234 nt
254 3174 296 3235 ite
316 3175 445 3248 dixerim,
469 3178 596 3254 quadam
620 3177 651 3236 in
675 3177 783 3237 oithm
806 3175 944 3234 tensiones
964 3181 1058 3237 strato

65 3277 69 3284 '
201 3267 384 3342 chordarum
404 3289 475 3346 qnos
492 3269 625 3345 ungendi
642 3269 755 3342 artifex,
769 3273 804 3328 nt
821 3286 876 3326 non
895 3267 1060 3347 sibimetipsi

198 3358 333 3421 dissimile
351 3361 491 3422 santionm
509 3361 601 3436 meiat,
622 3360 794 3423 dissimiliter
811 3358 928 3439 pulsati
958 3360 998 3422 Et
1014 3361 1058 3422 id·

200 3453 274 3512 oiroo
292 3455 401 3516 onom·
423 3474 569 3516 oonsonam
589 3454 805 3516 modulationem
824 3452 961 3515 reddant:
990 3453 1059 3533 quis

201 3563 259 3606 ano
277 3546 390 3625 qnidam
411 3547 526 3626 plootso,
547 3548 596 3609 sod
616 3567 672 3610 non
690 3565 748 3608 nno
766 3545 891 3624 monlon
908 3545 1057 3609 iarinatar.
