2334 4110
213 602 299 709 ‘rra
439 645 897 726 brecanammere.
1013 644 1100 725 [nu

242 816 303 858 cam
320 796 419 857 suisset
434 797 582 873 ingressus,
596 796 655 856 illie
671 815 735 855 cum
747 795 816 855 viris
828 795 885 855 suis
896 793 989 854 David
1000 794 1098 867 inerat,

243 890 292 967 qui
301 891 362 968 jam
373 894 431 949 tam
443 890 525 964 longo
537 897 659 965 tempore
670 889 868 965 persecutionis
879 889 940 963 ejus
949 887 1022 945 mala
1030 888 1100 947 tole·

241 981 330 1041 rabat.
368 981 494 1058 Cumque
509 999 573 1040 eum
585 980 639 1039 riri
656 981 700 1039 sui
712 981 746 1037 ad
758 980 913 1039 feriandum
927 979 993 1037 Saul
1006 999 1100 1037 accen·

242 1074 347 1143 derent,
360 1073 444 1148 irepit
461 1092 508 1132 eos
523 1072 754 1150 responsionibus,
774 1071 849 1150 quiu'
859 1091 972 1130 manum
989 1072 1101 1131 mittere

242 1165 272 1224 in
291 1164 427 1225 christum
445 1165 558 1225 Domini
576 1185 632 1225 non
651 1165 774 1225 deberet.
813 1163 869 1230 Qui
887 1172 979 1223 temen
992 1165 1101 1222 occulte

242 1259 373 1332 surrexit,
388 1264 417 1318 ct
428 1277 504 1317 oram
517 1256 671 1336 chlamydis
682 1259 744 1336 ejus
755 1257 900 1317 absciditl.
939 1255 1014 1322 Quid
1026 1255 1101 1316 enim

242 1369 293 1426 per
304 1350 381 1422 Seni,
395 1351 449 1409 nisi
467 1350 534 1409 mali
550 1357 684 1422 reatorem
703 1350 772 1427 qnid
787 1369 838 1426 per
849 1349 950 1418 David,
964 1348 1019 1407 nisi
1034 1343 1102 1407 boni

243 1439 349 1498 subditi
365 1438 564 1514 designantur?
590 1439 658 1499 Saul
674 1439 762 1513 igitur
775 1445 900 1497 ventrem
917 1456 1043 1514 purgare,
1059 1441 1103 1497 est

243 1551 343 1608 prsvos
358 1533 520 1609 prepositos
535 1539 694 1610 conceptam
713 1533 743 1590 in
761 1533 841 1592 eorde
860 1530 994 1591 malitiam
1013 1550 1102 1611 usquc

11 1616 23 1713 ‘¹
133 1624 143 1643 ’
244 1625 278 1683 ad
297 1643 380 1703 opera
397 1625 490 1684 miseri
508 1626 600 1686 odoris
616 1626 775 1693 extendere.
792 1630 822 1685 ct
839 1626 961 1699 cogitata
978 1626 1054 1701 apud
1072 1642 1101 1682 so

243 1717 329 1776 noxia
340 1718 422 1777 iactis
433 1718 617 1778 exterioribus
628 1718 791 1796 exequendo
808 1723 970 1777 monstrare.
1010 1718 1102 1784 Quem

244 1816 337 1868 tamen
346 1809 438 1869 David
450 1810 533 1870 ferire
542 1812 651 1882 metuit,
663 1812 729 1889 quis
741 1811 796 1886 pioe
809 1812 982 1870 subditorum
995 1816 1103 1870 mentes
1141 1850 1154 1860 -

244 1901 279 1959 ab
297 1901 372 1959 omni
388 1920 418 1960 se
433 1913 512 1977 peste
528 1903 732 1962 obtrectationis
748 1902 926 1974 abstinentes,
942 1903 1101 1978 preposito·

244 2003 306 2052 rum
319 1994 406 2053 ritam
425 1995 503 2053 nullo
520 1995 625 2069 lingum
641 1996 732 2070 gladio
748 1995 917 2070 percutiunt,
934 1997 1019 2054 etism
1038 2015 1101 2054 oum

244 2087 280 2145 de
298 2088 504 2162 imperfectione
522 2089 735 2164 reprehendunt.
774 2088 830 2153 Qui
849 2088 902 2146 etsi
921 2089 1030 2164 quando
1052 2107 1103 2165 pro

244 2176 406 2237 infirmitate
423 2197 481 2237 sesa
495 2180 633 2238 abstinere
644 2179 694 2237 rix
706 2183 830 2255 possunt,
844 2187 878 2237 ut
889 2183 1015 2238 extrema
1025 2199 1101 2257 qure-

244 2271 413 2348 dematque
437 2272 575 2331 exteriora
597 2273 805 2348 propositorum
831 2271 913 2344 mala,
937 2273 984 2331 sod
1009 2277 1103 2333 tamen

244 2363 388 2422 humiliter
403 2363 562 2441 loquantur,
576 2363 655 2442 quasi
672 2384 747 2423 oram
764 2364 918 2442 chlamydis
935 2364 1049 2424 silenter
1060 2365 1103 2423 iu·

245 2455 356 2526 cidunt;
382 2457 449 2533 quia
466 2457 598 2517 videlicet
617 2458 684 2516 dnm
705 2458 829 2533 prelate
851 2456 983 2532 dignitati
1005 2456 1103 2517 saltem

246 2548 359 2606 innoxie
380 2557 410 2606 et
431 2548 551 2607 latenter
571 2549 712 2622 derogant,
736 2549 816 2625 qussi
840 2548 914 2622 repis
938 2548 1104 2624 superpositi

246 2644 349 2698 rectem
375 2641 502 2710 ioedant3
532 2642 579 2700 sed
609 2649 701 2699 tamon
729 2643 765 2700 ad
793 2641 953 2717 semetipsos
976 2641 1104 2702 redeunt·

246 2748 331 2807 seque
347 2733 586 2793 vehementissime
604 2735 650 2792 rel
668 2734 702 2792 de
721 2735 884 2793 tenuissima
902 2735 979 2792 verbi
1001 2733 1104 2792 lacera·

246 2822 324 2882 tione
340 2824 557 2900 reprehendunt
595 2826 677 2884 Unde
693 2828 765 2885 banc
777 2830 808 2885 at
824 2825 885 2884 illio
897 2824 1032 2901 scriptum
1044 2831 1103 2884 est:

249 2916 344 2976 “Post
360 2917 421 2975 hmo
437 2917 530 2976 David
546 2919 682 2994 percussit
699 2938 746 2978 cor
764 2939 855 2988 suum,
874 2936 907 2977 eo
925 2918 999 2994 quod
1018 2919 1105 2978 absci-

246 3005 333 3067 disset
349 3026 426 3067 oram
444 3009 597 3086 chlamydis
615 3010 726 3069 Seul'.”
762 3012 849 3070 Facta
860 3010 963 3088 quippe
975 3010 1106 3086 preposi-

246 3102 339 3158 torum
351 3097 407 3158 orls
416 3098 508 3174 gladio
518 3100 641 3161 sarienda
652 3120 708 3162 uon
720 3107 795 3172 sunt,
803 3100 891 3162 etiem
900 3118 964 3161 oum
976 3103 1052 3162 rente
1062 3119 1107 3162 ra·

246 3191 442 3283 prehendenda
450 3192 622 3269 judicantur.
649 3195 680 3254 si
692 3195 880 3272 quandovero
892 3198 990 3253 centn
1002 3211 1049 3253 eos
1060 3193 1108 3254 vel

247 3280 278 3341 in
298 3283 422 3343 minimis
442 3284 541 3359 lingua
561 3285 673 3361 labitur,
695 3305 805 3346 ueoessa
826 3290 878 3360 est,
898 3288 933 3345 ut
950 3303 1002 3362 per
1022 3284 1107 3346 adlic-

247 3374 352 3437 tionem
366 3377 540 3455 penitentie
557 3398 604 3439 cor
619 3385 778 3458 prematm
797 3385 936 3459 quatenus
953 3378 991 3439 ad
1006 3386 1107 3439 uma

137 3527 141 3534 .
247 3468 1105 3554 immetesnnprspoetspoasatioeliqaeir,

372 3578 646 3641 sumniam
781 3579 994 3643 vimmo
