<?xml version="1.0" encoding="UTF-8"?>
<!DOCTYPE html PUBLIC "-//W3C//DTD XHTML 1.0 Transitional//EN"
    "http://www.w3.org/TR/xhtml1/DTD/xhtml1-transitional.dtd">
<html xmlns="http://www.w3.org/1999/xhtml" xml:lang="en" lang="en">
 <head>
  <title>
</title>
<meta http-equiv="Content-Type" content="text/html;charset=utf-8" />
  <meta name='ocr-system' content='tesseract 3.04.00' />
  <meta name='ocr-capabilities' content='ocr_page ocr_carea ocr_par ocr_line ocrx_word'/>
</head>
<body>
  <div class='ocr_page' id='page_1' title='image "./sgregoriimagnir00greggoog_0226.png"; bbox 0 0 2334 4110; ppageno 0'>
   <div class='ocr_carea' id='block_1_1' title="bbox 177 637 1033 723">
    <p class='ocr_par' dir='ltr' id='par_1_1' title="bbox 177 637 1033 723">
     <span class='ocr_line' id='line_1_1' title="bbox 177 637 1033 723; baseline -0.007 -16"><span class='ocrx_word' id='word_1_1' title='bbox 177 651 232 707; x_wconf 76' lang='lat'><strong>200</strong></span> <span class='ocrx_word' id='word_1_2' title='bbox 375 646 406 706; x_wconf 81' lang='lat'><strong>8.</strong></span> <span class='ocrx_word' id='word_1_3' title='bbox 418 644 665 723; x_wconf 61' lang='lat' dir='ltr'><strong>deperiitque</strong></span> <span class='ocrx_word' id='word_1_4' title='bbox 676 640 835 704; x_wconf 77' lang='lat' dir='ltr'><strong>Pastoralo&#39;r.</strong></span> <span class='ocrx_word' id='word_1_5' title='bbox 949 637 1033 720; x_wconf 78' lang='lat' dir='ltr'><strong>[rm</strong></span> 
     </span>
    </p>
   </div>
   <div class='ocr_carea' id='block_1_2' title="bbox 47 789 1086 3659">
    <p class='ocr_par' dir='ltr' id='par_1_2' title="bbox 175 789 1029 871">
     <span class='ocr_line' id='line_1_2' title="bbox 175 789 1029 871; baseline -0.001 -20"><span class='ocrx_word' id='word_1_6' title='bbox 175 795 354 871; x_wconf 72' lang='lat' dir='ltr'><strong>perpetraret.</strong></span> <span class='ocrx_word' id='word_1_7' title='bbox 392 792 509 866; x_wconf 73' lang='lat' dir='ltr'><strong>Ignorat</strong></span> <span class='ocrx_word' id='word_1_8' title='bbox 530 791 626 868; x_wconf 83' lang='lat' dir='ltr'><strong>itaquo</strong></span> <span class='ocrx_word' id='word_1_9' title='bbox 646 809 725 850; x_wconf 89' lang='lat' dir='ltr'><strong>meus</strong></span> <span class='ocrx_word' id='word_1_10' title='bbox 745 789 863 866; x_wconf 73' lang='lat' dir='ltr'><strong>gratiam</strong></span> <span class='ocrx_word' id='word_1_11' title='bbox 883 789 1029 864; x_wconf 67' lang='lat' dir='ltr'><strong>libertatia</strong></span> 
     </span>
    </p>

    <p class='ocr_par' dir='ltr' id='par_1_3' title="bbox 87 882 1073 1515">
     <span class='ocr_line' id='line_1_3' title="bbox 87 882 1073 963; baseline -0.002 -18"><span class='ocrx_word' id='word_1_12' title='bbox 87 923 126 940; x_wconf 72' lang='lat'><strong>··.</strong></span> <span class='ocrx_word' id='word_1_13' title='bbox 175 906 258 963; x_wconf 86' lang='lat' dir='ltr'><strong>quam</strong></span> <span class='ocrx_word' id='word_1_14' title='bbox 279 886 351 961; x_wconf 72' lang='lat' dir='ltr'><strong>ligat</strong></span> <span class='ocrx_word' id='word_1_15' title='bbox 371 885 491 943; x_wconf 82' lang='lat' dir='ltr'><strong>servitus</strong></span> <span class='ocrx_word' id='word_1_16' title='bbox 514 884 629 944; x_wconf 89' lang='lat' dir='ltr'><strong>timoris.</strong></span> <span class='ocrx_word' id='word_1_17' title='bbox 648 885 747 943; x_wconf 87' lang='lat' dir='ltr'><strong>&#39;Boua</strong></span> <span class='ocrx_word' id='word_1_18' title='bbox 767 882 841 942; x_wconf 92' lang='lat' dir='ltr'><strong>euim</strong></span> <span class='ocrx_word' id='word_1_19' title='bbox 861 902 912 960; x_wconf 91' lang='lat' dir='ltr'><strong>pro</strong></span> <span class='ocrx_word' id='word_1_20' title='bbox 933 887 1032 943; x_wconf 87' lang='lat' dir='ltr'><strong>semet-</strong></span> <span class='ocrx_word' id='word_1_21' title='bbox 1070 929 1073 934; x_wconf 83' lang='lat'><em>.</em></span> 
     </span>
     <span class='ocr_line' id='line_1_4' title="bbox 175 975 1032 1054; baseline -0.002 -18"><span class='ocrx_word' id='word_1_22' title='bbox 175 978 243 1054; x_wconf 88' lang='lat' dir='ltr'><strong>ipsis</strong></span> <span class='ocrx_word' id='word_1_23' title='bbox 259 978 376 1036; x_wconf 86' lang='lat' dir='ltr'><strong>amanda</strong></span> <span class='ocrx_word' id='word_1_24' title='bbox 393 980 469 1048; x_wconf 76' lang='lat' dir='ltr'><strong>sunt,</strong></span> <span class='ocrx_word' id='word_1_25' title='bbox 487 980 517 1034; x_wconf 87' lang='lat' dir='ltr'><strong>et</strong></span> <span class='ocrx_word' id='word_1_26' title='bbox 535 996 590 1035; x_wconf 88' lang='lat' dir='ltr'><strong>uon</strong></span> <span class='ocrx_word' id='word_1_27' title='bbox 609 976 700 1053; x_wconf 74' lang='lat' dir='ltr'><strong>poenis</strong></span> <span class='ocrx_word' id='word_1_28' title='bbox 719 975 948 1051; x_wconf 70' lang='lat' dir='ltr'>compellentibus</span> <span class='ocrx_word' id='word_1_29' title='bbox 966 994 1032 1034; x_wconf 85' lang='lat' dir='ltr'><strong>exs-</strong></span> 
     </span>
     <span class='ocr_line' id='line_1_5' title="bbox 175 1067 1033 1148; baseline -0.002 -20"><span class='ocrx_word' id='word_1_30' title='bbox 175 1069 293 1148; x_wconf 77' lang='lat' dir='ltr'><strong>queuda</strong></span> <span class='ocrx_word' id='word_1_31' title='bbox 331 1067 470 1144; x_wconf 77' lang='lat' dir='ltr'><strong>Numqui</strong></span> <span class='ocrx_word' id='word_1_32' title='bbox 485 1072 630 1146; x_wconf 84' lang='lat' dir='ltr'><strong>propteroa</strong></span> <span class='ocrx_word' id='word_1_33' title='bbox 645 1069 717 1128; x_wconf 83' lang='lat' dir='ltr'><strong>bona</strong></span> <span class='ocrx_word' id='word_1_34' title='bbox 734 1067 811 1137; x_wconf 78' lang='lat' dir='ltr'><strong>laoit.</strong></span> <span class='ocrx_word' id='word_1_35' title='bbox 828 1067 895 1145; x_wconf 87' lang='lat' dir='ltr'><strong>quia</strong></span> <span class='ocrx_word' id='word_1_36' title='bbox 913 1071 1033 1126; x_wconf 84' lang='lat' dir='ltr'><strong>tormen·</strong></span> 
     </span>
     <span class='ocr_line' id='line_1_6' title="bbox 174 1162 1034 1240; baseline -0.002 -17"><span class='ocrx_word' id='word_1_37' title='bbox 174 1169 266 1224; x_wconf 85' lang='lat' dir='ltr'><strong>torum</strong></span> <span class='ocrx_word' id='word_1_38' title='bbox 284 1163 358 1222; x_wconf 84' lang='lat' dir='ltr'><strong>mals</strong></span> <span class='ocrx_word' id='word_1_39' title='bbox 378 1164 488 1237; x_wconf 67' lang='lat' dir='ltr'><strong>metuit,</strong></span> <span class='ocrx_word' id='word_1_40' title='bbox 513 1162 578 1221; x_wconf 80' lang='lat' dir='ltr'><strong>vult</strong></span> <span class='ocrx_word' id='word_1_41' title='bbox 598 1182 655 1222; x_wconf 87' lang='lat' dir='ltr'><strong>non</strong></span> <span class='ocrx_word' id='word_1_42' title='bbox 676 1180 744 1229; x_wconf 87' lang='lat' dir='ltr'><strong>esse.</strong></span> <span class='ocrx_word' id='word_1_43' title='bbox 765 1162 840 1240; x_wconf 87' lang='lat' dir='ltr'><strong>quod</strong></span> <span class='ocrx_word' id='word_1_44' title='bbox 860 1165 975 1232; x_wconf 78' lang='lat' dir='ltr'><strong>metuat,</strong></span> <span class='ocrx_word' id='word_1_45' title='bbox 999 1164 1034 1221; x_wconf 89' lang='lat' dir='ltr'><strong>ut</strong></span> 
     </span>
     <span class='ocr_line' id='line_1_7' title="bbox 175 1254 1034 1326; baseline -0.001 -11"><span class='ocrx_word' id='word_1_46' title='bbox 175 1257 308 1316; x_wconf 84' lang='lat' dir='ltr'><strong>audenter</strong></span> <span class='ocrx_word' id='word_1_47' title='bbox 318 1254 419 1314; x_wconf 87' lang='lat' dir='ltr'><strong>illioita</strong></span> <span class='ocrx_word' id='word_1_48' title='bbox 430 1255 594 1316; x_wconf 84' lang='lat' dir='ltr'><strong>oommittat.</strong></span> <span class='ocrx_word' id='word_1_49' title='bbox 632 1255 714 1314; x_wconf 85' lang='lat' dir='ltr'><strong>Unde</strong></span> <span class='ocrx_word' id='word_1_50' title='bbox 726 1255 789 1314; x_wconf 88' lang='lat' dir='ltr'><strong>luoe</strong></span> <span class='ocrx_word' id='word_1_51' title='bbox 802 1254 904 1313; x_wconf 88' lang='lat' dir='ltr'><strong>elarius</strong></span> <span class='ocrx_word' id='word_1_52' title='bbox 916 1258 1034 1326; x_wconf 71' lang='lat' dir='ltr'><strong>mesot,</strong></span> 
     </span>
     <span class='ocr_line' id='line_1_8' title="bbox 175 1346 1035 1424; baseline -0.002 -18"><span class='ocrx_word' id='word_1_53' title='bbox 175 1348 250 1424; x_wconf 91' lang='lat' dir='ltr'><strong>quod</strong></span> <span class='ocrx_word' id='word_1_54' title='bbox 261 1366 353 1406; x_wconf 83' lang='lat' dir='ltr'><strong>eoram</strong></span> <span class='ocrx_word' id='word_1_55' title='bbox 364 1347 424 1405; x_wconf 84' lang='lat' dir='ltr'><strong>Deo</strong></span> <span class='ocrx_word' id='word_1_56' title='bbox 437 1347 594 1406; x_wconf 86' lang='lat' dir='ltr'><strong>iunooeutia</strong></span> <span class='ocrx_word' id='word_1_57' title='bbox 609 1346 757 1418; x_wconf 85' lang='lat' dir='ltr'><strong>amittitur,</strong></span> <span class='ocrx_word' id='word_1_58' title='bbox 771 1351 836 1405; x_wconf 85' lang='lat' dir='ltr'><strong>ante</strong></span> <span class='ocrx_word' id='word_1_59' title='bbox 849 1346 929 1422; x_wconf 86' lang='lat' dir='ltr'><strong>eujus</strong></span> <span class='ocrx_word' id='word_1_60' title='bbox 941 1347 1035 1405; x_wconf 88' lang='lat' dir='ltr'><strong>ooulos</strong></span> 
     </span>
     <span class='ocr_line' id='line_1_9' title="bbox 175 1439 459 1515; baseline 0 -17"><span class='ocrx_word' id='word_1_61' title='bbox 175 1439 310 1499; x_wconf 85' lang='lat' dir='ltr'><strong>desiderio</strong></span> <span class='ocrx_word' id='word_1_62' title='bbox 320 1443 459 1515; x_wconf 83' lang='lat' dir='ltr'><strong>peecatur.</strong></span> 
     </span>
    </p>

    <p class='ocr_par' dir='ltr' id='par_1_4' title="bbox 174 1529 1036 1882">
     <span class='ocr_line' id='line_1_10' title="bbox 209 1529 1032 1608; baseline 0 -18"><span class='ocrx_word' id='word_1_63' title='bbox 209 1533 252 1590; x_wconf 76' lang='lat' dir='ltr'><strong>At</strong></span> <span class='ocrx_word' id='word_1_64' title='bbox 263 1537 358 1591; x_wconf 85' lang='lat' dir='ltr'><strong>eontra</strong></span> <span class='ocrx_word' id='word_1_65' title='bbox 368 1531 409 1605; x_wconf 84' lang='lat' dir='ltr'><strong>bi,</strong></span> <span class='ocrx_word' id='word_1_66' title='bbox 421 1551 491 1608; x_wconf 88' lang='lat' dir='ltr'><strong>quos</strong></span> <span class='ocrx_word' id='word_1_67' title='bbox 508 1533 543 1590; x_wconf 91' lang='lat' dir='ltr'><strong>ab</strong></span> <span class='ocrx_word' id='word_1_68' title='bbox 560 1530 756 1608; x_wconf 78' lang='lat' dir='ltr'><strong>iniquitatibus</strong></span> <span class='ocrx_word' id='word_1_69' title='bbox 772 1549 824 1589; x_wconf 90' lang='lat' dir='ltr'><strong>neo</strong></span> <span class='ocrx_word' id='word_1_70' title='bbox 836 1529 947 1605; x_wconf 79' lang='lat' dir='ltr'><strong>flagello</strong></span> <span class='ocrx_word' id='word_1_71' title='bbox 960 1549 1032 1590; x_wconf 85' lang='lat' dir='ltr'><strong>oom-</strong></span> 
     </span>
     <span class='ocr_line' id='line_1_11' title="bbox 175 1622 1035 1701; baseline 0.001 -19"><span class='ocrx_word' id='word_1_72' title='bbox 175 1628 302 1700; x_wconf 70' lang='lat' dir='ltr'><strong>pesount,</strong></span> <span class='ocrx_word' id='word_1_73' title='bbox 319 1628 398 1683; x_wconf 84' lang='lat' dir='ltr'><strong>tauto</strong></span> <span class='ocrx_word' id='word_1_74' title='bbox 415 1623 513 1683; x_wconf 85' lang='lat' dir='ltr'><strong>aoriori</strong></span> <span class='ocrx_word' id='word_1_75' title='bbox 530 1624 687 1684; x_wconf 75' lang='lat' dir='ltr'><strong>invectione</strong></span> <span class='ocrx_word' id='word_1_76' title='bbox 703 1622 820 1683; x_wconf 74' lang='lat' dir='ltr'><strong>dedendi</strong></span> <span class='ocrx_word' id='word_1_77' title='bbox 838 1629 911 1695; x_wconf 82' lang='lat' dir='ltr'><strong>sunt,</strong></span> <span class='ocrx_word' id='word_1_78' title='bbox 931 1629 1035 1701; x_wconf 86' lang='lat' dir='ltr'><strong>quanto</strong></span> 
     </span>
     <span class='ocr_line' id='line_1_12' title="bbox 174 1715 1035 1792; baseline 0.001 -18"><span class='ocrx_word' id='word_1_79' title='bbox 174 1716 273 1792; x_wconf 85' lang='lat' dir='ltr'><strong>majori</strong></span> <span class='ocrx_word' id='word_1_80' title='bbox 284 1716 495 1774; x_wconf 68' lang='lat' dir='ltr'><strong>insensibilitate</strong></span> <span class='ocrx_word' id='word_1_81' title='bbox 507 1717 671 1775; x_wconf 88' lang='lat' dir='ltr'><strong>duruerunt.</strong></span> <span class='ocrx_word' id='word_1_82' title='bbox 709 1716 876 1791; x_wconf 78' lang='lat' dir='ltr'><strong>Plerumque</strong></span> <span class='ocrx_word' id='word_1_83' title='bbox 888 1716 963 1773; x_wconf 88' lang='lat' dir='ltr'><strong>euim</strong></span> <span class='ocrx_word' id='word_1_84' title='bbox 975 1715 1035 1775; x_wconf 88' lang='lat' dir='ltr'><strong>sino</strong></span> 
     </span>
     <span class='ocr_line' id='line_1_13' title="bbox 176 1806 1036 1882; baseline 0 -16"><span class='ocrx_word' id='word_1_85' title='bbox 176 1807 370 1882; x_wconf 78' lang='lat' dir='ltr'><strong>dedignatione</strong></span> <span class='ocrx_word' id='word_1_86' title='bbox 394 1807 562 1881; x_wconf 79' lang='lat' dir='ltr'><strong>dedignandi</strong></span> <span class='ocrx_word' id='word_1_87' title='bbox 587 1812 661 1878; x_wconf 80' lang='lat' dir='ltr'><strong>suut,</strong></span> <span class='ocrx_word' id='word_1_88' title='bbox 685 1807 745 1866; x_wconf 93' lang='lat' dir='ltr'><strong>siue</strong></span> <span class='ocrx_word' id='word_1_89' title='bbox 771 1806 960 1882; x_wconf 76' lang='lat' dir='ltr'><strong>desperatione</strong></span> <span class='ocrx_word' id='word_1_90' title='bbox 988 1807 1036 1866; x_wconf 89' lang='lat' dir='ltr'><strong>de·</strong></span> 
     </span>
    </p>

    <p class='ocr_par' dir='ltr' id='par_1_5' title="bbox 47 1899 1036 1976">
     <span class='ocr_line' id='line_1_14' title="bbox 47 1899 1036 1976; baseline 0.001 -19"><span class='ocrx_word' id='word_1_91' title='bbox 47 1943 49 1948; x_wconf 86' lang='lat'><em>.</em></span> <span class='ocrx_word' id='word_1_92' title='bbox 174 1899 319 1976; x_wconf 76' lang='lat' dir='ltr'><strong>sperandi3</strong></span> <span class='ocrx_word' id='word_1_93' title='bbox 340 1900 382 1959; x_wconf 88' lang='lat' dir='ltr'><strong>ita</strong></span> <span class='ocrx_word' id='word_1_94' title='bbox 399 1902 554 1970; x_wconf 80' lang='lat' dir='ltr'><strong>dumtaxat,</strong></span> <span class='ocrx_word' id='word_1_95' title='bbox 578 1906 612 1959; x_wconf 86' lang='lat' dir='ltr'><strong>ut</strong></span> <span class='ocrx_word' id='word_1_96' title='bbox 629 1907 659 1958; x_wconf 85' lang='lat' dir='ltr'><strong>et</strong></span> <span class='ocrx_word' id='word_1_97' title='bbox 676 1908 786 1957; x_wconf 83' lang='lat' dir='ltr'><strong>ostansa</strong></span> <span class='ocrx_word' id='word_1_98' title='bbox 804 1899 961 1975; x_wconf 74' lang='lat' dir='ltr'><strong>desperatio</strong></span> <span class='ocrx_word' id='word_1_99' title='bbox 979 1899 1036 1958; x_wconf 83' lang='lat' dir='ltr'><strong>lor·</strong></span> 
     </span>
    </p>

    <p class='ocr_par' dir='ltr' id='par_1_6' title="bbox 124 1989 1037 2070">
     <span class='ocr_line' id='line_1_15' title="bbox 124 1989 1037 2070; baseline 0.002 -21"><span class='ocrx_word' id='word_1_100' title='bbox 124 2035 131 2070; x_wconf 89' lang='lat'><strong>·.</strong></span> <span class='ocrx_word' id='word_1_101' title='bbox 175 1991 307 2050; x_wconf 90' lang='lat' dir='ltr'><strong>midinem</strong></span> <span class='ocrx_word' id='word_1_102' title='bbox 323 1991 451 2063; x_wconf 76' lang='lat' dir='ltr'><strong>inretiat,</strong></span> <span class='ocrx_word' id='word_1_103' title='bbox 470 1999 499 2050; x_wconf 88' lang='lat' dir='ltr'><strong>ot</strong></span> <span class='ocrx_word' id='word_1_104' title='bbox 517 1993 666 2068; x_wconf 77' lang='lat' dir='ltr'><strong>subjuncta</strong></span> <span class='ocrx_word' id='word_1_105' title='bbox 682 1989 832 2049; x_wconf 89' lang='lat' dir='ltr'><strong>admonitio</strong></span> <span class='ocrx_word' id='word_1_106' title='bbox 849 1991 884 2049; x_wconf 89' lang='lat' dir='ltr'><strong>ad</strong></span> <span class='ocrx_word' id='word_1_107' title='bbox 901 2010 978 2066; x_wconf 85' lang='lat' dir='ltr'><strong>spem</strong></span> <span class='ocrx_word' id='word_1_108' title='bbox 994 2010 1037 2051; x_wconf 88' lang='lat' dir='ltr'><strong>ro·</strong></span> 
     </span>
    </p>

    <p class='ocr_par' dir='ltr' id='par_1_7' title="bbox 174 2081 1036 2160">
     <span class='ocr_line' id='line_1_16' title="bbox 174 2081 1036 2160; baseline 0.001 -19"><span class='ocrx_word' id='word_1_109' title='bbox 174 2084 268 2142; x_wconf 87' lang='lat' dir='ltr'><strong>duoat.</strong></span> <span class='ocrx_word' id='word_1_110' title='bbox 306 2084 439 2143; x_wconf 83' lang='lat' dir='ltr'><strong>Distrioto</strong></span> <span class='ocrx_word' id='word_1_111' title='bbox 457 2083 553 2160; x_wconf 84' lang='lat' dir='ltr'><strong>itaque</strong></span> <span class='ocrx_word' id='word_1_112' title='bbox 573 2089 669 2142; x_wconf 80' lang='lat' dir='ltr'><strong>eontra</strong></span> <span class='ocrx_word' id='word_1_113' title='bbox 686 2081 751 2140; x_wconf 90' lang='lat' dir='ltr'><strong>illos</strong></span> <span class='ocrx_word' id='word_1_114' title='bbox 769 2081 872 2140; x_wconf 75' lang='lat' dir='ltr'><strong>divina</strong></span> <span class='ocrx_word' id='word_1_115' title='bbox 891 2083 1036 2142; x_wconf 81' lang='lat' dir='ltr'><strong>sententia</strong></span> 
     </span>
    </p>

    <p class='ocr_par' dir='ltr' id='par_1_8' title="bbox 174 2173 1038 2253">
     <span class='ocr_line' id='line_1_17' title="bbox 174 2173 1038 2253; baseline 0.001 -20"><span class='ocrx_word' id='word_1_116' title='bbox 174 2176 344 2253; x_wconf 78' lang='lat' dir='ltr'><strong>proferenda</strong></span> <span class='ocrx_word' id='word_1_117' title='bbox 369 2183 444 2247; x_wconf 88' lang='lat' dir='ltr'><strong>sunt,</strong></span> <span class='ocrx_word' id='word_1_118' title='bbox 467 2180 501 2234; x_wconf 88' lang='lat' dir='ltr'><strong>ut</strong></span> <span class='ocrx_word' id='word_1_119' title='bbox 522 2177 557 2234; x_wconf 90' lang='lat' dir='ltr'><strong>ad</strong></span> <span class='ocrx_word' id='word_1_120' title='bbox 582 2175 771 2252; x_wconf 79' lang='lat' dir='ltr'><strong>ooguitionem</strong></span> <span class='ocrx_word' id='word_1_121' title='bbox 795 2173 840 2232; x_wconf 90' lang='lat' dir='ltr'><strong>sui</strong></span> <span class='ocrx_word' id='word_1_122' title='bbox 865 2175 1038 2235; x_wconf 82' lang='lat' dir='ltr'><strong>oonsidor&#39;ota</strong></span> 
     </span>
    </p>

    <p class='ocr_par' dir='ltr' id='par_1_9' title="bbox 175 2266 1037 2327">
     <span class='ocr_line' id='line_1_18' title="bbox 175 2266 1037 2327; baseline 0 -1"><span class='ocrx_word' id='word_1_123' title='bbox 175 2272 278 2326; x_wconf 77' lang='lat' dir='ltr'><strong>aterna</strong></span> <span class='ocrx_word' id='word_1_124' title='bbox 296 2266 531 2326; x_wconf 82' lang='lat' dir='ltr'><strong>animadversione</strong></span> <span class='ocrx_word' id='word_1_125' title='bbox 552 2275 724 2327; x_wconf 84' lang='lat' dir='ltr'><strong>rerooentur.</strong></span> <span class='ocrx_word' id='word_1_126' title='bbox 764 2267 893 2327; x_wconf 81' lang='lat' dir='ltr'><strong>Audiaut</strong></span> <span class='ocrx_word' id='word_1_127' title='bbox 910 2268 986 2325; x_wconf 90' lang='lat' dir='ltr'><strong>euim</strong></span> <span class='ocrx_word' id='word_1_128' title='bbox 1005 2267 1037 2326; x_wconf 94' lang='lat' dir='ltr'><strong>iu</strong></span> 
     </span>
    </p>

    <p class='ocr_par' dir='ltr' id='par_1_10' title="bbox 144 2359 1038 2437">
     <span class='ocr_line' id='line_1_19' title="bbox 144 2359 1038 2437; baseline 0.002 -19"><span class='ocrx_word' id='word_1_129' title='bbox 144 2371 151 2388; x_wconf 89' lang='lat'><strong>·</strong></span> <span class='ocrx_word' id='word_1_130' title='bbox 175 2377 205 2418; x_wconf 89' lang='lat' dir='ltr'><strong>se</strong></span> <span class='ocrx_word' id='word_1_131' title='bbox 223 2359 369 2435; x_wconf 86' lang='lat' dir='ltr'><strong>impletum</strong></span> <span class='ocrx_word' id='word_1_132' title='bbox 389 2379 457 2431; x_wconf 77' lang='lat' dir='ltr'><strong>osse,</strong></span> <span class='ocrx_word' id='word_1_133' title='bbox 478 2360 553 2437; x_wconf 89' lang='lat' dir='ltr'><strong>quod</strong></span> <span class='ocrx_word' id='word_1_134' title='bbox 572 2361 706 2436; x_wconf 85' lang='lat' dir='ltr'><strong>seriptum</strong></span> <span class='ocrx_word' id='word_1_135' title='bbox 716 2362 776 2420; x_wconf 74' lang='lat' dir='ltr'><strong>ortt</strong></span> <span class='ocrx_word' id='word_1_136' title='bbox 802 2364 819 2395; x_wconf 80' lang='lat'><strong>‘⁴</strong></span> <span class='ocrx_word' id='word_1_137' title='bbox 829 2360 860 2419; x_wconf 82' lang='lat' dir='ltr'><strong>si</strong></span> <span class='ocrx_word' id='word_1_138' title='bbox 879 2360 1038 2420; x_wconf 85' lang='lat' dir='ltr'><strong>contuderis</strong></span> 
     </span>
    </p>

    <p class='ocr_par' dir='ltr' id='par_1_11' title="bbox 175 2451 1038 2530">
     <span class='ocr_line' id='line_1_20' title="bbox 175 2451 1038 2530; baseline 0.001 -19"><span class='ocrx_word' id='word_1_139' title='bbox 175 2451 294 2511; x_wconf 87' lang='lat' dir='ltr'><strong>stultum</strong></span> <span class='ocrx_word' id='word_1_140' title='bbox 315 2452 346 2511; x_wconf 91' lang='lat' dir='ltr'><strong>in</strong></span> <span class='ocrx_word' id='word_1_141' title='bbox 364 2452 431 2529; x_wconf 85' lang='lat' dir='ltr'><strong>pila,</strong></span> <span class='ocrx_word' id='word_1_142' title='bbox 453 2453 533 2529; x_wconf 81' lang='lat' dir='ltr'><strong>quasi</strong></span> <span class='ocrx_word' id='word_1_143' title='bbox 552 2452 676 2530; x_wconf 76' lang='lat' dir='ltr'><strong>ptisanae</strong></span> <span class='ocrx_word' id='word_1_144' title='bbox 695 2451 811 2512; x_wconf 83' lang='lat' dir='ltr'><strong>feriente</strong></span> <span class='ocrx_word' id='word_1_145' title='bbox 831 2452 950 2528; x_wconf 89' lang='lat' dir='ltr'><strong>desuper</strong></span> <span class='ocrx_word' id='word_1_146' title='bbox 969 2453 1038 2530; x_wconf 87' lang='lat' dir='ltr'><strong>pilo,</strong></span> 
     </span>
    </p>

    <p class='ocr_par' dir='ltr' id='par_1_12' title="bbox 175 2546 1038 2624">
     <span class='ocr_line' id='line_1_21' title="bbox 175 2546 1038 2624; baseline 0.002 -20"><span class='ocrx_word' id='word_1_147' title='bbox 175 2562 231 2605; x_wconf 93' lang='lat' dir='ltr'><strong>uon</strong></span> <span class='ocrx_word' id='word_1_148' title='bbox 248 2547 390 2606; x_wconf 73' lang='lat' dir='ltr'><strong>animetur</strong></span> <span class='ocrx_word' id='word_1_149' title='bbox 406 2546 441 2605; x_wconf 90' lang='lat' dir='ltr'><strong>ab</strong></span> <span class='ocrx_word' id='word_1_150' title='bbox 459 2566 491 2607; x_wconf 89' lang='lat' dir='ltr'><strong>eo</strong></span> <span class='ocrx_word' id='word_1_151' title='bbox 508 2546 630 2607; x_wconf 86' lang='lat' dir='ltr'><strong>stultitia</strong></span> <span class='ocrx_word' id='word_1_152' title='bbox 649 2547 760 2624; x_wconf 64' lang='lat' dir='ltr'><strong>ejurat·</strong></span> <span class='ocrx_word' id='word_1_153' title='bbox 799 2547 901 2607; x_wconf 79' lang='lat' dir='ltr'><strong>contra</strong></span> <span class='ocrx_word' id='word_1_154' title='bbox 913 2548 964 2605; x_wconf 91' lang='lat' dir='ltr'><strong>hos</strong></span> <span class='ocrx_word' id='word_1_155' title='bbox 975 2566 1038 2624; x_wconf 83' lang='lat' dir='ltr'><strong>pro·</strong></span> 
     </span>
    </p>

    <p class='ocr_par' dir='ltr' id='par_1_13' title="bbox 176 2637 1086 2813">
     <span class='ocr_line' id='line_1_22' title="bbox 176 2637 1040 2714; baseline 0.003 -20"><span class='ocrx_word' id='word_1_156' title='bbox 176 2638 262 2711; x_wconf 83' lang='lat' dir='ltr'><strong>pheta</strong></span> <span class='ocrx_word' id='word_1_157' title='bbox 278 2637 397 2695; x_wconf 87' lang='lat' dir='ltr'><strong>Domino</strong></span> <span class='ocrx_word' id='word_1_158' title='bbox 413 2639 602 2714; x_wconf 84' lang='lat' dir='ltr'><strong>oonqueritur,</strong></span> <span class='ocrx_word' id='word_1_159' title='bbox 614 2639 725 2696; x_wconf 81' lang='lat' dir='ltr'><strong>dioous:</strong></span> <span class='ocrx_word' id='word_1_160' title='bbox 748 2641 768 2673; x_wconf 81' lang='lat'><strong>⁴⁴</strong></span> <span class='ocrx_word' id='word_1_161' title='bbox 778 2637 925 2697; x_wconf 69' lang='lat' dir='ltr'><strong>Attritisti</strong></span> <span class='ocrx_word' id='word_1_162' title='bbox 941 2657 996 2709; x_wconf 85' lang='lat' dir='ltr'><strong>eos,</strong></span> <span class='ocrx_word' id='word_1_163' title='bbox 1010 2642 1040 2698; x_wconf 88' lang='lat' dir='ltr'><strong>ot</strong></span> 
     </span>
     <span class='ocr_line' id='line_1_23' title="bbox 177 2729 1086 2813; baseline 0.004 -27"><span class='ocrx_word' id='word_1_164' title='bbox 177 2732 331 2788; x_wconf 84' lang='lat' dir='ltr'><strong>renuerunt</strong></span> <span class='ocrx_word' id='word_1_165' title='bbox 356 2731 478 2813; x_wconf 77' lang='lat' dir='ltr'><strong>rooipero</strong></span> <span class='ocrx_word' id='word_1_166' title='bbox 507 2729 731 2807; x_wconf 66' lang='lat' dir='ltr'><strong>uiseipttnam’t‘</strong></span> <span class='ocrx_word' id='word_1_167' title='bbox 783 2730 859 2790; x_wconf 84' lang='lat' dir='ltr'><strong>Hine</strong></span> <span class='ocrx_word' id='word_1_168' title='bbox 885 2734 937 2800; x_wconf 86' lang='lat' dir='ltr'><strong>est,</strong></span> <span class='ocrx_word' id='word_1_169' title='bbox 964 2731 1040 2806; x_wconf 88' lang='lat' dir='ltr'><strong>quod</strong></span> <span class='ocrx_word' id='word_1_170' title='bbox 1084 2761 1086 2774; x_wconf 89' lang='lat'>·</span> 
     </span>
    </p>

    <p class='ocr_par' dir='ltr' id='par_1_14' title="bbox 177 2820 1038 2899">
     <span class='ocr_line' id='line_1_24' title="bbox 177 2820 1038 2899; baseline 0.002 -19"><span class='ocrx_word' id='word_1_171' title='bbox 177 2820 314 2880; x_wconf 80' lang='lat' dir='ltr'><strong>Dominus</strong></span> <span class='ocrx_word' id='word_1_172' title='bbox 331 2821 418 2882; x_wconf 86' lang='lat' dir='ltr'><strong>dioit:</strong></span> <span class='ocrx_word' id='word_1_173' title='bbox 446 2829 463 2856; x_wconf 81' lang='lat'><strong>⁸⁴</strong></span> <span class='ocrx_word' id='word_1_174' title='bbox 475 2822 606 2881; x_wconf 83' lang='lat' dir='ltr'><strong>Interleoi</strong></span> <span class='ocrx_word' id='word_1_175' title='bbox 623 2827 653 2880; x_wconf 91' lang='lat' dir='ltr'><strong>at</strong></span> <span class='ocrx_word' id='word_1_176' title='bbox 668 2821 776 2897; x_wconf 80' lang='lat' dir='ltr'><strong>perdidi</strong></span> <span class='ocrx_word' id='word_1_177' title='bbox 792 2824 926 2899; x_wconf 91' lang='lat' dir='ltr'><strong>populum</strong></span> <span class='ocrx_word' id='word_1_178' title='bbox 942 2823 1038 2897; x_wconf 85' lang='lat' dir='ltr'><strong>istum,</strong></span> 
     </span>
    </p>

    <p class='ocr_par' dir='ltr' id='par_1_15' title="bbox 177 2911 1040 2973">
     <span class='ocr_line' id='line_1_25' title="bbox 177 2911 1040 2973; baseline 0.002 -2"><span class='ocrx_word' id='word_1_179' title='bbox 177 2918 208 2971; x_wconf 86' lang='lat' dir='ltr'><strong>et</strong></span> <span class='ocrx_word' id='word_1_180' title='bbox 224 2915 319 2971; x_wconf 87' lang='lat' dir='ltr'><strong>tamen</strong></span> <span class='ocrx_word' id='word_1_181' title='bbox 333 2912 416 2971; x_wconf 77' lang='lat' dir='ltr'><strong>aviis</strong></span> <span class='ocrx_word' id='word_1_182' title='bbox 428 2913 486 2972; x_wconf 88' lang='lat' dir='ltr'><strong>suis</strong></span> <span class='ocrx_word' id='word_1_183' title='bbox 496 2931 554 2973; x_wconf 92' lang='lat' dir='ltr'><strong>nou</strong></span> <span class='ocrx_word' id='word_1_184' title='bbox 566 2917 633 2972; x_wconf 89' lang='lat' dir='ltr'><strong>suut</strong></span> <span class='ocrx_word' id='word_1_185' title='bbox 644 2911 799 2972; x_wconf 68' lang='lat' dir='ltr'><strong>reveriet’</strong></span> <span class='ocrx_word' id='word_1_186' title='bbox 837 2913 914 2973; x_wconf 86' lang='lat' dir='ltr'><strong>Hiuo</strong></span> <span class='ocrx_word' id='word_1_187' title='bbox 930 2933 1040 2973; x_wconf 85' lang='lat' dir='ltr'><strong>rursum</strong></span> 
     </span>
    </p>

    <p class='ocr_par' dir='ltr' id='par_1_16' title="bbox 177 3003 1041 3082">
     <span class='ocr_line' id='line_1_26' title="bbox 177 3003 1041 3082; baseline 0.003 -19"><span class='ocrx_word' id='word_1_188' title='bbox 177 3003 235 3063; x_wconf 82' lang='lat' dir='ltr'><strong>ait:</strong></span> <span class='ocrx_word' id='word_1_189' title='bbox 257 3004 411 3082; x_wconf 83' lang='lat' dir='ltr'><strong>“Populus</strong></span> <span class='ocrx_word' id='word_1_190' title='bbox 427 3025 483 3065; x_wconf 92' lang='lat' dir='ltr'><strong>non</strong></span> <span class='ocrx_word' id='word_1_191' title='bbox 499 3010 544 3064; x_wconf 89' lang='lat' dir='ltr'><strong>est</strong></span> <span class='ocrx_word' id='word_1_192' title='bbox 561 3023 689 3065; x_wconf 78' lang='lat' dir='ltr'><strong>reversus</strong></span> <span class='ocrx_word' id='word_1_193' title='bbox 701 3005 737 3063; x_wconf 81' lang='lat' dir='ltr'><strong>ud</strong></span> <span class='ocrx_word' id='word_1_194' title='bbox 748 3005 951 3082; x_wconf 77' lang='lat' dir='ltr'><strong>pemutisutum</strong></span> <span class='ocrx_word' id='word_1_195' title='bbox 963 3005 1041 3066; x_wconf 85' lang='lat' dir='ltr'><strong>so&#39;.”</strong></span> 
     </span>
    </p>

    <p class='ocr_par' dir='ltr' id='par_1_17' title="bbox 177 3095 1039 3175">
     <span class='ocr_line' id='line_1_27' title="bbox 177 3095 1039 3175; baseline 0.002 -19"><span class='ocrx_word' id='word_1_196' title='bbox 177 3095 255 3156; x_wconf 80' lang='lat' dir='ltr'><strong>Eine</strong></span> <span class='ocrx_word' id='word_1_197' title='bbox 272 3117 340 3156; x_wconf 78' lang='lat' dir='ltr'><strong>roos</strong></span> <span class='ocrx_word' id='word_1_198' title='bbox 357 3097 558 3173; x_wconf 77' lang='lat' dir='ltr'><strong>dagessuntium</strong></span> <span class='ocrx_word' id='word_1_199' title='bbox 577 3098 713 3175; x_wconf 87' lang='lat' dir='ltr'><strong>propheta</strong></span> <span class='ocrx_word' id='word_1_200' title='bbox 726 3097 914 3175; x_wconf 82' lang='lat' dir='ltr'><strong>oonquoritur,</strong></span> <span class='ocrx_word' id='word_1_201' title='bbox 928 3098 1039 3159; x_wconf 73' lang='lat' dir='ltr'><strong>dioeusz</strong></span> 
     </span>
    </p>

    <p class='ocr_par' dir='ltr' id='par_1_18' title="bbox 179 3187 1042 3266">
     <span class='ocr_line' id='line_1_28' title="bbox 179 3187 1042 3266; baseline 0.002 -19"><span class='ocrx_word' id='word_1_202' title='bbox 179 3192 200 3223; x_wconf 82' lang='lat'><strong>‘⁴</strong></span> <span class='ocrx_word' id='word_1_203' title='bbox 209 3188 373 3248; x_wconf 78' lang='lat' dir='ltr'><strong>Gumrimas</strong></span> <span class='ocrx_word' id='word_1_204' title='bbox 385 3190 564 3265; x_wconf 80' lang='lat' dir='ltr'><strong>Babylonem,</strong></span> <span class='ocrx_word' id='word_1_205' title='bbox 576 3196 670 3249; x_wconf 84' lang='lat' dir='ltr'><strong>etuon</strong></span> <span class='ocrx_word' id='word_1_206' title='bbox 679 3195 723 3248; x_wconf 88' lang='lat' dir='ltr'><strong>ost</strong></span> <span class='ocrx_word' id='word_1_207' title='bbox 732 3187 876 3249; x_wconf 73' lang='lat' dir='ltr'><strong>sanaw.”</strong></span> <span class='ocrx_word' id='word_1_208' title='bbox 914 3189 1042 3266; x_wconf 80' lang='lat' dir='ltr'><strong>Babylon</strong></span> 
     </span>
    </p>

    <p class='ocr_par' dir='ltr' id='par_1_19' title="bbox 179 3279 1039 3357">
     <span class='ocr_line' id='line_1_29' title="bbox 179 3279 1039 3357; baseline 0.005 -18"><span class='ocrx_word' id='word_1_209' title='bbox 179 3279 283 3357; x_wconf 86' lang='lat' dir='ltr'><strong>quippe</strong></span> <span class='ocrx_word' id='word_1_210' title='bbox 307 3288 430 3353; x_wconf 79' lang='lat' dir='ltr'><strong>ornatur,</strong></span> <span class='ocrx_word' id='word_1_211' title='bbox 457 3300 509 3341; x_wconf 90' lang='lat' dir='ltr'><strong>neo</strong></span> <span class='ocrx_word' id='word_1_212' title='bbox 532 3287 627 3342; x_wconf 64' lang='lat' dir='ltr'><strong>umen</strong></span> <span class='ocrx_word' id='word_1_213' title='bbox 650 3281 686 3339; x_wconf 86' lang='lat' dir='ltr'><strong>od</strong></span> <span class='ocrx_word' id='word_1_214' title='bbox 716 3281 863 3340; x_wconf 75' lang='lat' dir='ltr'><strong>umorem</strong></span> <span class='ocrx_word' id='word_1_215' title='bbox 887 3281 1039 3356; x_wconf 86' lang='lat' dir='ltr'><strong>reduoitar,</strong></span> 
     </span>
    </p>

    <p class='ocr_par' dir='ltr' id='par_1_20' title="bbox 178 3364 1042 3453">
     <span class='ocr_line' id='line_1_30' title="bbox 178 3364 1042 3453; baseline 0.006 -22"><span class='ocrx_word' id='word_1_216' title='bbox 178 3364 290 3448; x_wconf 63' lang='lat' dir='ltr'><strong>quando</strong></span> <span class='ocrx_word' id='word_1_217' title='bbox 302 3394 381 3434; x_wconf 78' lang='lat' dir='ltr'><strong>mans</strong></span> <span class='ocrx_word' id='word_1_218' title='bbox 392 3375 423 3433; x_wconf 91' lang='lat' dir='ltr'><strong>iu</strong></span> <span class='ocrx_word' id='word_1_219' title='bbox 433 3394 521 3453; x_wconf 77' lang='lat' dir='ltr'><strong>praru</strong></span> <span class='ocrx_word' id='word_1_220' title='bbox 528 3377 636 3435; x_wconf 86' lang='lat' dir='ltr'><strong>sotioue</strong></span> <span class='ocrx_word' id='word_1_221' title='bbox 644 3376 760 3449; x_wconf 77' lang='lat' dir='ltr'><strong>oonfusa</strong></span> <span class='ocrx_word' id='word_1_222' title='bbox 767 3376 853 3434; x_wconf 77' lang='lat' dir='ltr'><strong>rerba</strong></span> <span class='ocrx_word' id='word_1_223' title='bbox 861 3376 1042 3452; x_wconf 85' lang='lat' dir='ltr'><strong>ooneptiouis</strong></span> 
     </span>
    </p>

    <p class='ocr_par' dir='ltr' id='par_1_21' title="bbox 143 3480 986 3659">
     <span class='ocr_line' id='line_1_31' title="bbox 234 3480 986 3558; baseline 0.003 -6"><span class='ocrx_word' id='word_1_224' title='bbox 234 3501 465 3554; x_wconf 56' lang='lat' dir='ltr'><strong>murmura</strong></span> <span class='ocrx_word' id='word_1_225' title='bbox 567 3505 723 3558; x_wconf 62' lang='lat' dir='ltr'><strong>remea·</strong></span> <span class='ocrx_word' id='word_1_226' title='bbox 827 3480 986 3554; x_wconf 57' lang='grc' dir='ltr'><strong>ειιιζιιι.</strong></span> 
     </span>
     <span class='ocr_line' id='line_1_32' title="bbox 143 3577 930 3659; baseline 0.001 -34"><span class='ocrx_word' id='word_1_227' title='bbox 143 3639 168 3659; x_wconf 46' lang='grc' dir='ltr'><strong>ο.</strong></span> <span class='ocrx_word' id='word_1_228' title='bbox 200 3610 204 3616; x_wconf 76' lang='lat'>,</span> <span class='ocrx_word' id='word_1_229' title='bbox 293 3577 466 3628; x_wconf 61' lang='grc' dir='ltr'><strong>’Νίκη</strong></span> <span class='ocrx_word' id='word_1_230' title='bbox 791 3577 930 3627; x_wconf 65' lang='lat' dir='ltr'><strong>’ianm</strong></span> 
     </span>
    </p>
   </div>
   <div class='ocr_carea' id='block_1_3' title="bbox 0 0 1182 4110">
    <p class='ocr_par' dir='ltr' id='par_1_22' title="bbox 0 0 1182 4110">
     <span class='ocr_line' id='line_1_33' title="bbox 0 0 1182 4110; baseline 0 0"><span class='ocrx_word' id='word_1_231' title='bbox 0 0 1182 4110; x_wconf 95' lang='lat' dir='ltr'><strong> </strong></span> 
     </span>
    </p>
   </div>
  </div>
 </body>
</html>
