2334 4110
152 734 209 792 iso
326 689 378 791 s.
391 726 636 806 emmonim
646 726 805 787 samso.
925 726 1008 808 [im

151 878 246 956 gessit,
264 877 326 937 Era
341 881 434 937 autem
452 874 532 954 qnasi
550 894 613 936 osio
632 895 661 936 se
679 874 856 936 delectationi
873 876 1006 951 subdidit,

151 981 242 1040 ddum
259 997 324 1038 vero
342 978 422 1037 velut
439 976 555 1054 spiritus
574 977 749 1052 suggestione
771 994 804 1034 so
825 975 1006 1038 delectatione

151 1075 297 1150 superitur
314 1069 438 1131 assensit
479 1069 661 1145 Suggestions
681 1068 778 1147 itequo
795 1072 938 1146 peecatum
958 1089 1006 1147 ag·

94 1208 96 1210 ψ
150 1164 297 1238 nosoimus,
317 1163 499 1224 delectatione
517 1163 663 1236 vinoimur,
682 1182 815 1224 eonsensu
833 1161 917 1223 etium
935 1164 1005 1240 ligi·

151 1275 223 1317 mnr.
269 1254 443 1316 Admonendi
468 1264 534 1315 sunt
557 1254 645 1332 igitur
668 1255 719 1334 qui
738 1248 877 1333 nequitias
901 1256 1005 1331 eogita-

150 1350 235 1411 tionis
257 1349 368 1418 deflent,
388 1352 423 1408 ut
442 1348 559 1408 sollieite
580 1349 753 1409 oonsideront
771 1349 801 1407 in
823 1368 880 1426 qus
899 1348 1008 1426 peooati

151 1458 280 1499 mensura
307 1437 474 1506 oeciderunt.
504 1443 641 1514 quotenus
667 1441 754 1516 juxte
777 1440 865 1498 ruinae
892 1439 1004 1497 moduni

150 1551 234 1610 quim
252 1531 282 1590 in
300 1531 453 1607 semetipsis
471 1531 606 1591 introrsus
622 1533 755 1607 sentiunt,
773 1535 858 1592 ettam
877 1550 1006 1591 mensure

148 1620 356 1686 ismentetionis
380 1622 540 1697 erigenturi
568 1642 604 1683 no
626 1624 650 1683 si
671 1623 792 1699 eogitete
817 1625 890 1684 malo
913 1623 1006 1683 minui

149 1715 283 1786 orueinnt,
296 1732 385 1792 nsque
400 1715 436 1773 sd
451 1716 635 1792 perpetienda
651 1735 733 1793 opera
750 1718 911 1794 peidnonnt
950 1714 1006 1776 Sed

149 1806 224 1868 inter
234 1808 296 1867 hiso
311 1806 352 1866 ita
369 1806 491 1867 terrendi
510 1811 585 1879 sunt,
599 1812 633 1868 nt
643 1814 736 1869 tamen
750 1809 863 1869 minime
876 1809 1005 1882 dangm-

149 1906 210 1964 tur.
247 1902 327 1978 Seps
338 1899 412 1960 enim
424 1901 577 1962 miseriem
592 1901 669 1962 Deus
684 1921 717 1962 eo
728 1903 812 1963 eitius
822 1913 934 1979 peeeets
945 1920 1004 1961 eor-

150 1994 195 2054 dis
213 1995 311 2068 obluit,
330 2012 386 2069 qno
404 1995 464 2053 heo
482 1995 559 2053 exire
577 1996 612 2053 sd
629 2015 711 2072 operi
728 2014 783 2054 non
801 1995 954 2072 permittit:
975 2000 1006 2055 et

152 2086 273 2162 oogitnte
291 2086 417 2162 nequitie
436 2091 540 2162 quanto
562 2087 646 2146 eitius
666 2086 792 2159 solvitur,
816 2087 883 2165 quia
905 2087 1006 2145 effoeto

150 2180 240 2257 operis
255 2179 408 2239 districtius
427 2199 481 2239 non
498 2181 611 2256 ligatur.
650 2180 731 2240 Unde
747 2187 822 2242 reete
838 2199 889 2257 per
900 2179 1006 2239 Psnlm·

150 2270 232 2330 istem
254 2270 373 2330 dieituri
395 2271 502 2345 “Dixi,
523 2272 706 2348 pronuntiabo
728 2273 874 2332 sdrermm
896 2291 941 2331 mo
963 2273 1005 2330 in·

146 2363 273 2440 justitias
290 2382 365 2423 meus
383 2362 510 2433 Domino.
522 2370 552 2423 et
567 2371 601 2424 tu
617 2365 746 2425 remisisti
765 2365 935 2442 impietatem
948 2384 1006 2424 eor·

151 2456 195 2516 dis
206 2455 311 2516 mei’.''
349 2453 407 2521 Qui
423 2455 497 2514 enini
509 2455 680 2533 impietatem
693 2457 782 2518 sordis
793 2457 925 2526 subdidit,
939 2458 1006 2536 quis

150 2544 347 2620 eogitetionnm
371 2544 524 2621 injustitias
550 2547 727 2621 pronuntiare
751 2547 838 2607 vellet
862 2548 1005 2608 indioavit.

150 2636 281 2714 Dumque
302 2636 359 2698 siti
381 2637 488 2712 “Dixi,
509 2638 723 2714 pronuntiabo,”
745 2652 830 2716 etque
854 2639 930 2700 illios
957 2643 1004 2700 sd·

150 2730 264 2808 innuite
285 2732 353 2791 “Et
364 2736 398 2790 tn
413 2730 544 2791 remisisti
551 2730 579 2804 ;''
598 2750 682 2808 quum
694 2732 732 2792 sit
748 2752 830 2810 snper
841 2733 901 2793 heo
916 2733 1007 2794 inuitis

151 2825 234 2884 renis
254 2825 382 2885 ostendit.
421 2824 478 2890 Qui
500 2824 567 2883 dnm
588 2845 618 2884 se
635 2826 726 2884 adhue
745 2832 840 2902 petere
859 2827 1006 2902 promittit,

149 2914 202 2974 lioo
223 2915 297 2993 quod
320 2921 415 2991 petere
440 2933 469 2974 se
493 2917 680 2991 promittebat„
704 2915 843 2975 obtinuit:
869 2923 1006 2993 qnatenus

151 3006 219 3085 quis
233 3025 323 3083 usque
340 3005 377 3065 sd
394 3023 465 3081 opus
482 3024 538 3066 non
550 3012 666 3066 venem
682 3008 773 3083 onlps,
786 3026 875 3084 usquo
891 3008 927 3068 sd
942 3028 1007 3076 oruq

150 3098 254 3156 eistnm
265 3116 321 3156 non
333 3096 491 3173 wenirst
500 3097 681 3205 peonitentia·
700 3099 749 3158 ssd
762 3098 882 3173 eogitete
893 3100 1006 3160 afflietio

150 3195 272 3249 montom
286 3192 416 3264 tei-garet,
433 3208 518 3266 qnam
532 3189 665 3248 nimirum
680 3191 870 3251 tantummodo
884 3192 1006 3270 eogitets

148 3278 304 3360 niqaion·
294 3281 511 3359 inquinasset.

488 3419 664 3471 'Pu-md.
