2266 3946
133 614 189 672 oro
273 590 276 597 '
331 606 788 686 sorqsusoourooraro.
903 611 986 690 [ιω

128 764 196 833 tom,
209 759 240 819 in
251 756 355 817 virtute
366 763 460 817 autem
479 755 631 828 seientiam,
645 756 676 816 in
692 756 809 818 seientia
825 761 919 818 autern
935 761 984 820 ab·

49 834 88 852 κ
130 849 346 923 atinentium·;”
366 849 493 927 protinus
511 848 662 925 sigilunter
680 850 852 925 adjungeret,
872 851 984 911 ‹liosnsr

130 946 150 981 ‘⁸
160 944 197 1004 In
213 941 381 1003 abstinentia
398 935 493 1002 autern
510 940 722 1019 patientismfss'
761 941 864 1002 Dessss
882 942 986 1021 quippe

12 1041 19 1060 ‘
130 1036 331 1096 abstinentibus
346 1035 509 1112 patientiam
524 1035 663 1111 providit,
682 1053 745 1111 quse
762 1035 803 1094 eis
819 1039 853 1094 ut
868 1036 985 1110 adesset,

130 1127 282 1186 admonuit.
312 1129 435 1185 Rursum
447 1127 502 1184 uisi
515 1126 696 1200 eogitstiones
707 1126 906 1185 abstinentium
917 1144 987 1185 uon·

129 1236 273 1297 nunquam
290 1218 426 1296 superbia
446 1219 529 1295 oulpo
547 1219 729 1294 transfigeret,
750 1216 854 1278 Paulus
872 1217 987 1278 minimo

69 1382 74 1394 .
129 1312 261 1371 dixisset:
291 1315 311 1348 ‘⁸
321 1312 378 1379 uui
393 1331 450 1371 non
468 1312 626 1383 mandueat‚
640 1311 851 1371 manducantem
866 1331 922 1371 nou
938 1311 986 1388 ju·

130 1399 255 1460 diost¹.’'
292 1399 349 1466 Qui
368 1419 478 1459 rursum
494 1400 530 1459 ad
542 1400 611 1458 alios
623 1400 748 1476 loquens,
766 1401 834 1458 dum
850 1401 886 1461 ‹ls
901 1399 987 1460 absti-

130 1493 232 1554 nentius
244 1492 350 1554 virtuto
366 1493 545 1570 gloriantium
564 1501 703 1570 precepta
718 1493 924 1570 perstringeret,
938 1493 986 1553 ad·

128 1587 245 1664 junxit:
267 1591 287 1622 ‘⁸
297 1587 366 1654 Qum
380 1593 447 1647 sunt
457 1587 593 1648 rationem
606 1587 719 1666 quidem
735 1587 866 1648 habentis
878 1586 986 1665 sopien-

131 1681 179 1740 tiu
191 1681 222 1739 in
234 1681 428 1757 superstitione
440 1687 470 1741 st
481 1681 651 1755 humilitate,
663 1688 693 1741 st
704 1701 761 1741 non
772 1682 808 1741 ad
819 1681 987 1758 porosum

131 1773 247 1851 oorpori,
260 1793 317 1834 non
329 1774 360 1832 iu
375 1776 478 1834 honoro
496 1775 591 1851 aliquo
602 1775 638 1834 ad
653 1774 828 1833 saturitatem
845 1771 986 1834 omn·.”

132 1868 194 1933 Qua
205 1868 236 1927 in
248 1887 278 1927 rs
291 1868 441 1926 notandum
454 1873 505 1942 est,
520 1871 594 1946 qood
606 1869 637 1926 iu
652 1867 841 1944 dispomtions
853 1888 903 1927 sua
914 1886 986 1944 pru·

83 1952 88 1962 ’
131 1959 237 2020 dicator
252 1959 379 2034 egregius
395 1960 587 2036 superstitioni
603 1960 773 2020 humilitatis
787 1960 906 2037 speeiem
919 1962 987 2038 jun·

64 2050 67 2059 '
132 2053 191 2128 αἰὲς
215 2052 284 2129 quio
307 2053 375 2111 dum
393 2053 459 2128 plus
477 2072 561 2130 quem
580 2072 691 2113 neeesse
709 2058 754 2114 est
774 2073 825 2130 per
846 2054 987 2115 obstinen-

131 2145 200 2209 tiam
218 2163 281 2204 ouro
298 2144 438 2215 atteritur,
458 2143 604 2205 humilitas
622 2144 689 2205 ioris
706 2146 870 2218 ostenditur,
890 2145 939 2206 sed
955 2146 991 2208 da

132 2243 184 2303 luo
205 2243 266 2319 ipm
284 2242 444 2302 bumilitate
462 2243 585 2318 graviter
607 2242 725 2303 interius
746 2244 913 2321 superbitur.
952 2245 992 2304 no

132 2336 187 2395 nisi
198 2336 347 2412 aliquando
359 2354 436 2394 mens
453 2354 490 2393 ex
507 2335 681 2397 abstinentia
698 2335 802 2398 visun
813 2341 987 2411 tumesceret,

106 2448 109 2463 ·
131 2447 306 2506 nequaquem
324 2428 395 2486 hune
412 2428 492 2486 rslut
507 2427 581 2486 iuter
597 2448 698 2506 magun
716 2430 816 2488 merito
833 2431 989 2489 Pharisoeus

132 2540 262 2599 arrogans
281 2521 401 2582 studioso
422 2525 589 2595 numorarst,
610 2521 721 2585 dioenss
750 2524 880 2602 “Jejuno
898 2522 942 2583 bis
960 2523 991 2583 iu

135 2616 290 2675 sabbato¹.”
327 2615 503 2674 admonendi
521 2633 586 2689 ergo
606 2622 673 2675 sunt
691 2617 764 2692 gulae
786 2617 884 2689 tuditi,
904 2635 941 2676 ns
959 2617 991 2676 iu
1019 2671 1023 2678 .

135 2725 167 2765 eo
191 2705 265 2782 quod
289 2724 415 2764 saeorum
440 2705 617 2765 delsototioni
643 2706 785 2779 iuoubant,
812 2707 934 2766 luxurius
961 2724 991 2766 ss

132 2817 264 2858 muorous
280 2797 463 2872 transigunt3
475 2805 505 2858 et
522 2804 629 2875 quanta
641 2798 696 2858 sibi
712 2817 763 2876 pu·
775 2819 853 2859 esum
865 2798 990 2877 loquaoi·

133 2896 187 2964 ω,
198 2894 303 2966 quantu
313 2889 415 2949 mentis
425 2889 525 2949 levitas
538 2889 694 2964 insidietur,
703 2891 855 2969 aspioiant3
874 2910 911 2951 ns
923 2892 990 2951 dum

134 2983 227 3042 ventri
251 2982 372 3041 molliter
395 2981 528 3055 serviunt,
554 2980 687 3041 vitiorum
710 2983 817 3060 laqueis
842 2983 991 3043 erudeliter

22 3058 29 3077 ⁸
133 3074 332 3151 astringantur.
378 3074 469 3135 Tanto
486 3075 561 3134 enirn
577 3075 688 3150 longius
704 3095 721 3134 a
737 3077 857 3140 seeundo
875 3080 990 3155 parsute

133 3172 281 3245 rsosditur,
296 3175 400 3249 quonto
411 3189 462 3248 pu·
479 3170 689 3232 immoderatum
705 3169 878 3243 mumdum
893 3187 994 3231 manua
1017 3172 1020 3177 ’

134 3265 171 3325 ad
182 3265 276 3324 orbum
294 3264 427 3335 tenditur.
439 3264 562 3344 omentis
577 3264 660 3342 primi
675 3264 771 3341 lapsus
787 3262 913 3324 iteratur.
952 3267 994 3324 st

133 3361 230 3418 aontra
245 3357 411 3417 dmoneudi
426 3363 494 3418 sunt
508 3356 686 3430 abstinsmsa
698 3364 733 3416 ut
749 3354 869 3416 sollioits
885 3374 995 3434 nuper

134 3483 330 3538 ’.ΗΜΛ
471 3487 639 3540 'statutt
779 3486 970 3538 amnia&

97 3563 121 3583 ‘⁸
301 3559 501 3611 *culeum
609 3557 825 3614 Urbanum*
