2334 4110
49 500 219 631 ‘aas
362 553 818 632 sermoneitaque.
934 540 1049 633 [ω’

65 708 67 713 “
161 703 344 767 emulationis
368 703 458 781 speoie
481 704 614 781 subrepit,
637 703 692 763 alia
716 722 780 782 quas
804 703 948 765 turbatum
970 721 1018 764 oor

88 794 127 813 ’“
160 800 191 855 et
207 794 266 853 sius
276 792 396 870 justitie
411 796 551 868 pretextu
565 793 718 853 oontnniit.
757 791 813 851 Illa
829 792 904 851 enim
920 793 951 851 in
962 794 1016 852 hoo

83 887 86 893 ’
160 884 234 961 quoti
250 884 341 954 debet,
354 881 509 940 inordinato
525 882 701 954 extenditur;
720 882 781 940 hteo
797 886 891 940 antem
908 900 1015 957 semper

45 993 54 1016 τ
158 973 189 1032 in
205 972 250 1031 his
263 989 326 1048 quo
342 989 397 1028 non
412 969 503 1041 debet,
515 968 709 1028 inflammetur.
748 969 1013 1046 sciendumquippe

158 1065 209 1132 est,
230 1059 297 1137 quia
315 1059 346 1116 in
366 1058 418 1116 hoo
439 1058 474 1115 ab
493 1057 701 1133 impatientrlrns
722 1056 848 1116 iraonndi
867 1058 1010 1131 differunt,

157 1148 232 1226 quod
246 1146 291 1206 illi
307 1147 342 1205 ab
361 1145 424 1204 aliis
437 1145 518 1204 illata
533 1164 589 1204 non
604 1145 733 1219 tolerant,
751 1145 800 1205 isti
816 1149 911 1206 antem
927 1145 1012 1204 etiam

156 1260 220 1319 qno
237 1241 391 1300 tolerentur
407 1239 567 1314 important
605 1240 679 1298 llam
696 1240 822 1298 iraonndi
838 1259 911 1318 stepo
927 1240 1012 1299 etism

157 1350 187 1392 se
207 1331 377 1392 declinantes
397 1329 590 1405 insequuntur,
615 1330 686 1388 n'xs
707 1331 874 1391 nonnionem
892 1350 1012 1391 eommo-

157 1428 232 1498 rent,
249 1423 342 1482 lohere
358 1420 542 1481 eontentionis
556 1422 696 1496 gaudent;
717 1441 786 1498 quos
801 1425 894 1482 tamen
910 1422 1011 1481 molins

156 1513 362 1591 oosrigimus,si
381 1513 412 1571 in
422 1512 484 1589 ipsa
498 1511 548 1572 irre
564 1532 621 1573 suas
637 1514 818 1574 eommotione
829 1514 1009 1574 eleolinamns.

156 1605 315 1667 Perturbati
335 1605 438 1682 quippe
462 1604 531 1680 quid
553 1606 669 1665 audient
688 1604 825 1680 ignorant,
849 1605 898 1665 sed
919 1606 955 1665 sd
980 1623 1010 1665 se

155 1697 263 1759 musti
286 1700 365 1756 tanto
388 1694 504 1755 liberius
529 1696 730 1756 exhortationis
753 1698 838 1756 rerba
861 1696 1009 1772 reeipiunt,

154 1795 259 1870 quanto
282 1809 312 1848 se
336 1787 515 1866 tranquillius
538 1789 669 1848 toleratos
692 1789 866 1850 erubeseunt
916 1786 1009 1850 Menti

111 1899 120 1908 ·
152 1888 246 1939 antem
264 1881 357 1938 lurore
376 1879 468 1948 ebrie,
488 1898 569 1938 omne
588 1886 694 1945 rentum
715 1883 791 1957 qnod
812 1881 922 1954 dieitur,
944 1901 1031 1958 per-³

53 2009 56 2015 .
152 1985 262 2024 rossum
282 1966 401 2023 videtur.
439 1966 521 2024 Unde
542 1970 572 2024 et
592 1967 683 2023 Nabal
704 1967 780 2024 ebrio
799 1967 910 2041 eulpam
927 1986 1008 2027 suam

27 2115 36 2130 ,
153 2056 266 2131 Abiguil
283 2055 462 2114 landabiliter
480 2056 578 2127 taonit,
599 2075 683 2133 qnam
702 2057 809 2132 digesto
826 2057 892 2115 rino
908 2057 1007 2117 landa·-

63 2152 65 2156 “
151 2147 245 2206 biliter
256 2145 331 2206 dixit
337 2155 356 2206 ⁸.
372 2208 375 2214 ,
394 2146 502 2205 ldoiroo
514 2146 588 2205 enim
605 2147 717 2221 melum,
731 2150 806 2223 qnod
818 2149 929 2224 tooerat,
942 2168 1006 2225 eog-

150 2265 261 2306 noseore
272 2245 372 2324 potnit,
386 2245 452 2324 quin
463 2246 515 2305 hoo
528 2244 621 2305 ebrius
631 2265 688 2306 non
699 2246 816 2308 audivit

188 2347 259 2407 (lum
277 2365 343 2405 rero
365 2347 406 2404 ita
426 2346 553 2405 irsonnrli
570 2345 639 2404 alios
657 2347 805 2423 impetunt,
819 2352 854 2408 nt
871 2348 1004 2407 deolinari

98 2495 100 2500 .
151 2444 262 2503 omnino
274 2462 330 2503 non
348 2445 461 2521 possint,
476 2463 532 2503 non
549 2450 645 2522 aperta
656 2447 876 2522 exprobratione,
891 2449 939 2506 sed
951 2449 1003 2506 snb

151 2545 269 2621 quadam
295 2549 361 2604 sunt
385 2544 494 2605 eantela
518 2544 680 2605 reverentie
708 2545 845 2622 psroendo
874 2547 1000 2608 feriendi.

151 2645 232 2711 Quod
248 2644 347 2703 melius
365 2645 542 2719 ostendimus,
558 2645 690 2705 siAbner
705 2647 811 2706 lantum
827 2646 864 2706 sd
879 2647 1001 2708 medinm
1028 2707 1033 2719 ,

150 2746 324 2804 detineamus
362 2745 448 2803 Hune
459 2744 563 2821 quippo
578 2764 642 2804 enm
654 2746 739 2804 Asa'e'l
750 2744 781 2804 ri
795 2745 914 2806 meante
931 2766 1001 2819 prn-

150 2844 319 2921 oipitationis
341 2843 496 2920 impeteret,
523 2844 657 2921 seriptum
682 2850 742 2904 esto
778 2846 928 2907 “Leontos
958 2855 1002 2910 est

150 2945 247 3003 Abnes
258 2943 294 3002 sd
306 2944 397 3015 Asa's'l,
411 2942 523 3002 diosna:
543 2943 661 3016 Reoede,
674 2944 733 3003 noli
748 2963 794 3004 me
809 2947 947 3024 persequi,
964 2967 1001 3008 ne

148 3043 298 3119 oompellar
317 3043 462 3100 oontodere
486 3047 515 3101 ts
534 3042 566 3101 in
585 3047 696 3102 terram.
745 3043 800 3109 Qui
820 3046 916 3105 audire
936 3066 1000 3106 oon·

147 3141 250 3230 temnit,
264 3148 296 3200 et
306 3140 398 3222 poluit
408 3141 556 3200 ‹leolinare
593 3142 733 3202 Peronssit
744 3161 809 3218 ergo
826 3163 890 3204 enm
902 3147 1001 3206 Abnes

148 3261 244 3310 amasa
254 3242 334 3303 hasta
349 3241 381 3300 in
396 3240 521 3318 inguine,
533 3245 564 3302 et
579 3243 727 3304 trmslotlit
740 3263 813 3317 enm,
827 3252 857 3304 et
872 3253 1000 3308 mortuns

30 3373 31 3376 ¹
148 3343 238 3405 αὕθ’
275 3342 363 3422 (injus
383 3343 459 3404 euin
476 3343 561 3404 Asail
578 3345 799 3423 tppnm‘tannit,
819 3346 873 3406 nisi
892 3367 996 3427 eornm,

110 3497 135 3518 0
217 3467 436 3530 nmmos.
546 3448 550 3459 '
695 3469 926 3533 sanqnsass.
1046 3516 1049 3526 .
